3274 5152
194 402 309 468 litua]
382 400 539 472 QUIBUS
560 401 655 458 NON
671 400 755 456 EST
775 400 1037 470 PERMJSSUM,
1059 399 1151 458 ETc.
1284 409 1345 476 243

195 566 275 629 dam
298 564 394 650 quasi
423 565 601 631 castrensia
626 565 792 630 dederunt
821 566 959 649 peculia,
982 586 1124 648 quorum
1145 566 1345 650 quibusdam

195 671 392 752 permissum
409 680 479 735 erat
500 671 601 735 etiam
623 670 657 734 in
677 678 846 754 potestate
869 671 1067 754 degentibus
1088 673 1212 736 testari.
1255 672 1346 754 quod

197 783 309 837 nostra
333 774 528 838 constitutio
550 773 649 840 latius
672 775 860 839 extendens
880 775 1030 857 permisit
1056 774 1211 838 omnibus
1237 774 1271 837 in
1295 774 1347 838 his

196 878 431 941 tantummodo
447 876 583 960 peculiis
598 877 713 941 testari
727 877 873 960 quidem,
885 878 943 942 sed
960 877 1029 942 iure
1043 878 1230 942 communi:
1254 878 1348 941 cuius

195 979 441 1044 constitutionis
457 990 571 1044 tenore
593 989 766 1063 perspecto
789 980 921 1044 licentia
946 990 997 1046 est
1023 979 1104 1044 nihil
1128 1001 1242 1045 eorum
1260 1001 1348 1063 quae

196 1083 240 1146 ad
256 1081 442 1167 praefatum
457 1083 508 1148 ius
523 1084 690 1167 pertinent
705 1083 865 1166 ignorare.

732 1313 815 1379 XII.

263 1491 401 1554 oumus
424 1491 502 1542 uon
521 1489 589 1542 nst
612 1489 829 1542 Pnnmssuru
853 1489 1105 1542 rssrnusnrn
1128 1491 1282 1542 racana.

243 1638 322 1702 Non
338 1648 451 1705 tamen
466 1640 620 1704 omnibus
635 1637 711 1704 licet
729 1637 836 1702 iacere
850 1645 1098 1704 testamentum.
1130 1641 1243 1705 statim
1259 1640 1347 1705 enim

198 1739 244 1820 hi,
267 1743 324 1824 qui
348 1743 457 1808 alieno
480 1743 541 1806 iuri
564 1742 704 1806 subiecti
728 1750 814 1816 sunt,
835 1745 1027 1807 testamenti
1049 1743 1190 1808 faciendi
1210 1744 1260 1807 ius
1281 1764 1348 1806 non

200 1843 334 1924 habent,
358 1848 442 1910 adeo
465 1845 601 1928 quidem
624 1855 670 1919 ut,
696 1845 847 1928 quamvis
876 1855 1030 1928 parentes
1060 1847 1107 1910 eis
1133 1847 1349 1929 permiserint,

202 1949 304 2014 nihilo
329 1951 434 2033 magis
464 1951 533 2014 iure
563 1949 677 2014 testari
710 1949 853 2032 possint:
888 1951 1040 2032 exceptis
1065 1949 1117 2014 his
1138 1971 1222 2033 quos
1246 1958 1347 2014 antea

202 2054 465 2117 enumeravimus
483 2062 516 2118 et
535 2053 710 2136 praecipue
733 2051 891 2117 militibus
911 2051 968 2135 qui
987 2054 1020 2116 in
1041 2063 1207 2137 potestate
1230 2073 1348 2136 paren-

202 2166 274 2220 tum
289 2167 374 2236 sunt,
389 2157 509 2240 quibus
524 2157 567 2222 de
582 2177 622 2221 eo
636 2157 727 2240 quod
743 2157 776 2220 in
792 2157 907 2221 castris
922 2157 1137 2240 adquisierint
1153 2159 1349 2240 permissum

202 2269 313 2325 estex
328 2261 617 2326 constitutionibus
636 2261 823 2344 principum
842 2269 1080 2326 testamentum
1098 2261 1214 2326 iacere.
1258 2259 1349 2343 quod

202 2365 337 2448 quidem
353 2366 447 2430 initio
461 2375 592 2458 tantum
615 2365 835 2430 militantibus
855 2365 973 2429 datum
996 2376 1047 2430 est
1062 2375 1133 2430 tam
1149 2386 1193 2429 ex
1208 2366 1350 2429 auctori-

203 2477 274 2532 tate
291 2470 357 2533 divi
380 2468 527 2552 Augusti
550 2489 652 2552 quam
675 2469 807 2533 Nervae
829 2488 890 2533 nec
913 2489 980 2532 non
1002 2470 1120 2552 optimi
1144 2469 1351 2552 imperatoris

202 2571 347 2652 Traiani,
356 2582 472 2656 postea
485 2593 563 2638 vero
578 2573 820 2655 subscriptione
834 2571 902 2636 divi
919 2572 1081 2637 Hadriani
1098 2573 1198 2638 etiam
1209 2572 1353 2638 dimissis

205 2676 330 2751 militia,
358 2676 392 2741 id
419 2686 469 2741 est
494 2677 668 2751 veteranis,
695 2696 887 2740 concessum
914 2685 973 2741 est.
1027 2677 1140 2760 itaque
1166 2677 1193 2740 si
1217 2678 1352 2759 quidem

204 2778 341 2845 fecerint
363 2781 406 2844 de
425 2782 584 2844 castrensi
607 2779 736 2862 peculio
758 2788 1006 2855 testamentum,
1029 2780 1206 2862 pertinebit
1229 2779 1292 2844 hoc
1309 2782 1353 2844 ad

205 2904 282 2946 eum
302 2905 401 2967 quem
424 2883 581 2948 heredem
604 2883 812 2967 reliquerint:
839 2885 963 2947 sivero
985 2885 1133 2948 intestati
1155 2886 1355 2949 decesserint

206 2987 304 3064 nullis
330 2988 439 3053 liberis
463 2989 516 3053 vel
542 2988 697 3053 fratribus
721 2989 960 3071 superstitibus,
985 2989 1031 3052 ad
1056 2998 1210 3071 parentes
1239 3009 1354 3053 eorum

206 3089 275 3154 iure
290 3093 458 3156 communi
477 3093 664 3176 pertinebit.
709 3112 753 3156 ex
773 3091 836 3156 hoc
854 3091 1044 3176 intellegere
1064 3113 1248 3174 possumus,
1263 3093 1355 3176 quod

206 3195 370 3259 incastris
387 3196 580 3279 adquisierit
603 3195 707 3270 miles,
730 3197 788 3278 qui
812 3197 846 3260 in
868 3205 1035 3279 potestate
1055 3197 1158 3278 patris
1173 3205 1233 3276 est,
1249 3216 1356 3278 neque

205 3297 315 3381 ipsum
328 3308 458 3382 patrem
470 3301 616 3364 adimere
631 3319 729 3381 posse
745 3319 852 3381 neque
866 3301 969 3381 patris
981 3301 1158 3364 creditores
1169 3302 1202 3364 id
1213 3301 1356 3364 vendere

205 3401 260 3466 vel
283 3403 380 3467 aliter
402 3405 586 3486 inquietare
609 3423 717 3484 neque
739 3412 833 3483 patre
855 3413 986 3466 mortuo
1009 3422 1085 3466 cum
1110 3401 1263 3467 iratribus
1285 3424 1357 3468 esse

207 3525 391 3583 commune,
413 3505 472 3570 sed
493 3505 617 3570 scilicet
639 3505 807 3586 proprium
831 3505 900 3568 eins
923 3525 994 3569 esse
1016 3505 1049 3568 id
1071 3507 1162 3588 quod
1185 3503 1219 3570 in
1243 3507 1357 3572 castris

207 3610 407 3691 adquisierit,
430 3628 634 3692 quamquam
666 3608 736 3672 iure
769 3608 854 3672 civili
880 3609 1029 3673 omnium
1055 3609 1112 3691 qui
1135 3609 1169 3672 in
1191 3619 1359 3691 potestate

208 3722 382 3795 parentum
398 3723 475 3777 sunt
490 3711 619 3794 peculia
636 3712 773 3796 perinde
795 3713 829 3776 in
855 3713 952 3777 bonis
969 3721 1144 3796 parentum
1163 3721 1358 3795 computan-

208 3826 270 3890 tur,
291 3817 358 3881 acsi
380 3837 547 3881 servorum
566 3817 695 3900 peculia
717 3817 867 3881 inbonis
889 3817 1100 3881 dominorum
1124 3826 1357 3882 numerantur:

209 3923 359 4004 exceptis
373 3921 527 3988 videlicet
542 3921 602 3997 his,
618 3942 704 4004 quae
728 3942 773 3986 ex
794 3920 893 3986 sacris
909 3921 1199 3988 constitutionibus
1214 3931 1248 3987 et
1264 3943 1359 4004 prae·

209 4027 305 4107 cipue
318 4027 437 4090 nostris
452 4035 585 4108 propter
599 4027 744 4090 diversas
760 4045 876 4092 causas
892 4047 958 4090 non
974 4027 1199 4109 adquiruntur.
1230 4037 1360 4110 praeter

209 4127 270 4192 hos
286 4129 395 4210 igitur,
410 4129 466 4211 qui
485 4138 649 4192 castrense
671 4128 836 4211 peculium
856 4129 909 4194 vel
930 4131 1024 4212 quasi
1043 4139 1209 4194 castrense
1223 4129 1358 4206 habent,

210 4233 321 4315 siquis
336 4231 419 4296 alius
435 4231 521 4294 filius
536 4230 677 4295 familias
692 4241 929 4297 testamentum
945 4231 1067 4310 lecerit,
1082 4233 1197 4297 inutile
1212 4241 1272 4312 est,
1283 4234 1360 4298 licet

246 4439 308 4491 rPit.
319 4439 394 4493 XII.
415 4437 454 4492 So
466 4437 509 4492 far
521 4453 553 4492 as
561 4436 762 4493 commercium
775 4437 799 4492 is
812 4455 849 4492 an
861 4438 983 4493 element
997 4437 1025 4492 in
1038 4438 1087 4492 the
1099 4436 1229 4508 capacity
1236 4449 1266 4494 to
1275 4439 1359 4496 make

202 4535 231 4579 a
242 4517 319 4575 valid
332 4520 386 4576 will
406 4520 579 4592 (testamenti
597 4519 683 4577 factio
702 4521 805 4590 activa)
824 4521 845 4578 it
863 4538 921 4578 was
940 4521 1051 4596 (except
1069 4520 1099 4576 in
1114 4522 1163 4580 the
1180 4539 1246 4580 case
1264 4524 1298 4580 os
1312 4525 1360 4586 the

31 4768 251 5110 Δ
755 4623 815 4676 ᾖ,
