3310 5218
297 398 359 467 228
502 405 852 464 INSTJTUTIONUM
870 404 990 462 Llssnl
1008 403 1244 477 QUATTUOR.
1336 407 1401 474 [nu
1414 411 1446 462 n.

270 581 283 639 1
296 569 407 656 gilitas
422 569 455 635 in
470 570 648 654 perniciem
663 569 870 636 substantiae
893 590 1006 634 earum
1024 577 1276 634 converteretur.
1321 567 1447 634 Contra

295 685 411 740 autem
425 676 572 766 creditor·
584 675 703 759 pignus
726 696 770 740 ex
793 674 956 757 pactione,
978 675 1130 756 quamvis
1153 674 1223 738 eius
1245 694 1285 737 ea
1307 693 1359 737 res
1379 693 1446 736 non

297 779 349 855 sit,
365 778 508 843 alienare
523 786 642 861 potest
687 779 746 842 sed
770 778 833 842 hoc
855 777 992 842 forsitan
1015 779 1090 842 ideo
1109 777 1239 842 videtur
1260 776 1339 852 fieri,
1355 778 1446 859 quod

296 882 470 947 voluntate
491 883 651 946 debitoris
674 881 879 964 intellegitur
900 881 1020 964 pignus
1042 881 1194 960 alienare,
1216 881 1273 964 qui
1291 880 1334 944 ab
1352 880 1447 944 initio

296 993 487 1050 contractus
509 993 626 1068 pactus
652 993 711 1064 est,
725 993 772 1048 ut
794 983 908 1048 liceret
930 985 1082 1050 creditori
1104 985 1224 1067 pignus
1246 984 1398 1060 vendere,
1418 982 1446 1046 si

298 1088 439 1171 pecunia
458 1108 524 1152 non
547 1086 702 1153 solvatur.
745 1087 804 1152 sed
829 1109 871 1152 ne
897 1088 1150 1169 creditores-ius
1172 1109 1267 1151 suum
1294 1085 1446 1170 persequi

259 1232 273 1254 .
299 1191 537 1273 impedirentur
548 1211 654 1274 neque
670 1190 837 1256 debitores
854 1200 979 1256 temere
994 1211 1126 1255 suarum
1142 1211 1250 1255 rerum
1262 1189 1446 1254 dominium

298 1294 451 1359 amittere
460 1294 643 1373 videantur,
653 1303 765 1359 nostra
779 1295 1015 1360 constitutione
1030 1294 1218 1359 consultum
1231 1302 1282 1358 est
1295 1302 1328 1357 et
1338 1301 1446 1358 certus

300 1398 418 1461 modus
444 1397 618 1481 impositus
644 1408 703 1476 est,
732 1419 792 1481 per
817 1419 917 1482 quem
944 1399 1120 1482 pignorum
1144 1397 1314 1462 distractio
1342 1397 1447 1479 possit

299 1501 485 1583 procedere,
500 1500 591 1565 cuius
606 1509 721 1565 tenore
737 1501 868 1584 utrique
884 1502 969 1586 parti
989 1502 1189 1567 creditorum
1206 1509 1239 1565 et
1257 1500 1445 1565 debitorum

269 1605 380 1686 2satis
400 1603 598 1687 abundeque
619 1604 787 1687 provisum
811 1615 871 1670 est.
915 1607 1014 1669 Nunc
1037 1605 1237 1670 admonendi
1260 1625 1374 1667 sumus
1390 1623 1448 1667 ne·

299 1729 365 1791 que
379 1707 542 1792 pupillum
564 1729 670 1791 neque
687 1707 848 1792 pupillam
871 1708 973 1773 ullam
997 1730 1067 1774 rem
1088 1709 1158 1773 sine
1172 1709 1291 1773 tutoris
1306 1707 1447 1773 auctori·

299 1820 370 1876 tate
385 1811 529 1876 alienare
546 1831 653 1894 posse.
698 1811 840 1894 ideoque
855 1812 882 1876 si
900 1821 1051 1876 mutuam
1070 1812 1244 1896 pecuniam
1264 1811 1361 1875 alicui
1376 1810 1447 1874 sine

299 1914 418 1979 tutoris
438 1915 635 1980 auctoritate
657 1913 794 1988 dederit,
818 1934 883 1978 non
906 1916 1070 1980 contrahit
1096 1915 1343 1998 obligationem,
1369 1914 1448 1996 quia

299 2017 472 2100 pecuniam
499 2038 566 2081 non
592 2016 671 2082 facit
697 2017 896 2101 accipientis.
940 2019 1082 2102 ideoque
1104 2019 1270 2083 vindicare
1293 2035 1447 2080 nummos

299 2131 448 2203 possunt,
464 2120 567 2185 sicubi
591 2129 728 2186 extent:
752 2122 810 2185 sed
835 2122 862 2185 si
884 2123 1019 2198 nummi,
1037 2144 1121 2206 quos
1139 2132 1272 2187 mutuos
1289 2122 1389 2200 dedit,
1404 2119 1447 2184 ab

300 2246 341 2290 eo
356 2225 412 2308 qui
429 2226 555 2308 accepit
575 2225 664 2290 bona
685 2224 751 2288 fide
776 2227 965 2310 consumpti
991 2235 1076 2304 sunt,
1100 2227 1228 2291 condici
1251 2235 1398 2309 possunt,
1420 2224 1447 2289 si

300 2327 389 2393 mala
404 2327 479 2404 fide,
495 2329 538 2392 ad
554 2327 780 2392 exhibendum
796 2329 839 2393 de
857 2329 908 2393 his
929 2329 984 2413 agi
1006 2338 1129 2412 potest.
1173 2339 1208 2394 at
1224 2350 1268 2393 ex
1284 2328 1447 2393 contrario

300 2452 416 2496 omnes
437 2450 488 2496 res
514 2431 640 2515 pupillo
663 2441 698 2496 et
721 2431 867 2514 pupillae
894 2433 966 2497 sine
990 2433 1110 2498 tutoris
1136 2433 1334 2497 auctoritate
1358 2439 1447 2496 recte

299 2535 371 2600 dari
386 2545 535 2618 possunt.
571 2535 713 2619 ideoque
728 2535 755 2600 si
771 2536 902 2602 debitor
921 2536 1048 2620 pupillo
1067 2536 1181 2612 solvat,
1199 2535 1382 2601 necessaria
1397 2543 1449 2600 est
1496 2531 1500 2538 ’

290 2638 418 2726 ‚tutoris
441 2639 638 2704 auctoritas:
672 2639 819 2723 alioquin
842 2661 908 2704 non
931 2641 1132 2705 liberabitur.
1176 2641 1235 2704 sed
1260 2639 1361 2703 etiam
1384 2637 1448 2702 hoc

299 2740 545 2806 evidentissima
563 2743 690 2807 ratione
708 2753 871 2808 statutum
895 2754 946 2810 est
969 2743 1002 2808 in
1025 2745 1270 2820 constitutione,
1286 2764 1388 2826 quam
1404 2741 1448 2806 ad

301 2843 539 2912 Caesareenses
550 2848 731 2912 advocatos
742 2869 787 2912 ex
803 2849 1015 2932 suggestione
1029 2849 1223 2913 Triboniani
1232 2848 1291 2912 viri
1302 2848 1448 2911 eminen'·

297 2949 417 3014 tissimi
444 2951 627 3034 quaestoris
661 2952 744 3016 sacri
783 2953 897 3034 palatii
933 2953 1035 3018 nostri
1064 2951 1355 3036 promulgavimus,
1381 2972 1448 3034 qua

300 3053 497 3136 dispositum
514 3063 565 3118 est
585 3055 632 3119 ita
650 3053 746 3119 licere
769 3057 870 3120 tutori
893 3054 946 3119 vel
969 3056 1111 3120 curatori
1133 3056 1318 3120 debitorem
1340 3054 1449 3138 pupil-

300 3153 402 3220 larem
422 3156 557 3234 solvere,
577 3165 614 3222 ut
637 3159 727 3240 prius
749 3159 916 3224 sententia
938 3158 1097 3224 iudicialis
1119 3161 1190 3223 sine
1213 3158 1304 3222 omni
1324 3159 1448 3222 damno

298 3258 465 3325 celebrata
482 3260 547 3325 hoc
562 3261 743 3344 permittat.
787 3283 856 3345 quo
876 3262 1062 3340 subsecuto,
1080 3263 1108 3326 si
1130 3271 1164 3327 et
1185 3263 1287 3326 iudex
1303 3281 1448 3344 pronun·

299 3363 431 3429 tiaverit
456 3373 491 3428 et
515 3365 648 3429 debitor
677 3365 819 3443 solverit,
852 3366 1002 3449 sequitur
1031 3365 1220 3431 huiusmodi
1250 3365 1449 3429 solutionem

299 3465 491 3552 plenissima
526 3469 690 3534 securitas.
746 3469 932 3534 sinautem
964 3469 1061 3534 aliter
1092 3490 1194 3553 quam
1227 3469 1450 3551 disposuimus

298 3569 423 3634 solutio
439 3569 526 3636 lacta
541 3571 639 3640 luerit
655 3581 688 3636 et
704 3573 877 3655 pecuniam
893 3571 1019 3638 salvam
1035 3573 1158 3638 habeat
1174 3573 1318 3656 pupillus
1332 3580 1391 3636 aut
1406 3591 1451 3634 ex

302 3693 342 3738 ea
357 3672 553 3756 locupletior
572 3675 615 3738 sit
634 3683 668 3740 et
691 3675 799 3740 adhuc
820 3677 961 3741 eandem
980 3697 1145 3740 summam
1165 3677 1325 3759 pecuniae
1347 3681 1451 3758 petat,

301 3795 361 3859 per
383 3779 616 3859 exceptionem
650 3778 717 3842 doli
749 3779 828 3842 mali
852 3779 1052 3844 summoveri
1075 3780 1215 3861 poterit:
1250 3779 1369 3861 quodsi
1392 3787 1452 3840 aut

303 3879 391 3944 male
411 3880 651 3963 consumpserit
669 3891 728 3946 aut
750 3881 838 3948 furto
860 3883 1016 3961 amiserit,
1039 3881 1119 3946 nihil
1143 3883 1289 3966 proderit
1309 3881 1451 3946 debitori

301 3981 371 4046 doli
387 3983 465 4047 mali
481 3986 646 4067 exceptio,
661 3985 719 4048 sed
741 3985 843 4050 nihilo
866 3985 975 4050 minus
997 3985 1217 4064 damnabitur,
1233 3986 1311 4068 quia
1327 3993 1452 4050 temere

301 4085 372 4150 sine
381 4087 500 4152 tutoris
511 4088 707 4156 auctoritate
719 4098 753 4154 et
764 4109 830 4152 non
845 4089 1029 4154 secundum
1043 4098 1189 4154 nostram
1202 4089 1452 4172 dispositionem

339 4339 354 4406 ς
368 4342 394 4393 1.
413 4339 470 4393 For
482 4339 531 4394 the
543 4355 639 4410 power
651 4339 682 4394 oi
692 4339 751 4395 sale
767 4338 796 4394 in
813 4357 831 4395 a
848 4339 950 4412 pignus
967 4341 1025 4396 and
1037 4342 1081 4396 lor
1091 4341 1256 4413 Justinian’s
1269 4359 1332 4397 own
1344 4340 1453 4410 regula-

299 4419 377 4480 tions
390 4421 508 4477 thereon
521 4439 570 4477 see
584 4424 727 4478 Excursus
742 4425 782 4478 ll.
795 4423 843 4480 ini.

339 4507 354 4574 t
368 4507 397 4560 2.
416 4505 473 4562 For
485 4505 534 4564 the
546 4505 689 4580 necessity
700 4506 733 4562 oi
741 4507 790 4563 the
803 4505 964 4577 guardian’s
977 4507 1130 4564 auctoritas
1144 4508 1172 4564 in
1186 4507 1293 4564 certain
1306 4509 1412 4564 classes
1425 4508 1458 4564 os
