<?xml version="1.0" encoding="UTF-8"?>
<!DOCTYPE html PUBLIC "-//W3C//DTD XHTML 1.0 Transitional//EN"
    "http://www.w3.org/TR/xhtml1/DTD/xhtml1-transitional.dtd">
<html xmlns="http://www.w3.org/1999/xhtml" xml:lang="en" lang="en">
 <head>
  <title>
</title>
<meta http-equiv="Content-Type" content="text/html;charset=utf-8" />
  <meta name='ocr-system' content='tesseract 3.04.00' />
  <meta name='ocr-capabilities' content='ocr_page ocr_carea ocr_par ocr_line ocrx_word'/>
</head>
<body>
  <div class='ocr_page' id='page_1' title='image "./imperatorisiust02goog_0184.png"; bbox 0 0 3310 5218; ppageno 0'>
   <div class='ocr_carea' id='block_1_1' title="bbox 213 435 1357 512">
    <p class='ocr_par' dir='ltr' id='par_1_1' title="bbox 213 435 1357 512">
     <span class='ocr_line' id='line_1_1' title="bbox 213 435 1357 512; baseline 0.002 -20"><span class='ocrx_word' id='word_1_1' title='bbox 213 437 327 502; x_wconf 71' lang='lat' dir='ltr'>rinae]</span> <span class='ocrx_word' id='word_1_2' title='bbox 444 436 504 490; x_wconf 89' lang='lat' dir='ltr'>DE</span> <span class='ocrx_word' id='word_1_3' title='bbox 524 435 755 491; x_wconf 85' lang='lat' dir='ltr'><em>SUSPECTIS</em></span> <span class='ocrx_word' id='word_1_4' title='bbox 779 436 806 490; x_wconf 94' lang='lat' dir='ltr'><em>T</em></span> <span class='ocrx_word' id='word_1_5' title='bbox 808 435 862 490; x_wconf 89' lang='lat' dir='ltr'>UT</span> <span class='ocrx_word' id='word_1_6' title='bbox 864 435 1024 504; x_wconf 79' lang='lat' dir='ltr'><em>ORIBUS,</em></span> <span class='ocrx_word' id='word_1_7' title='bbox 1046 435 1138 492; x_wconf 88' lang='lat' dir='ltr'>ETC.</span> <span class='ocrx_word' id='word_1_8' title='bbox 1299 441 1357 512; x_wconf 90' lang='lat'>171</span> 
     </span>
    </p>
   </div>
   <div class='ocr_carea' id='block_1_2' title="bbox 211 599 1411 2450">
    <p class='ocr_par' dir='ltr' id='par_1_2' title="bbox 211 599 1411 2450">
     <span class='ocr_line' id='line_1_2' title="bbox 211 599 1361 684; baseline -0.001 -19"><span class='ocrx_word' id='word_1_9' title='bbox 211 602 261 666; x_wconf 88' lang='lat' dir='ltr'>sui</span> <span class='ocrx_word' id='word_1_10' title='bbox 277 621 344 665; x_wconf 92' lang='lat' dir='ltr'>non</span> <span class='ocrx_word' id='word_1_11' title='bbox 360 599 467 679; x_wconf 90' lang='lat' dir='ltr'>faciat,</span> <span class='ocrx_word' id='word_1_12' title='bbox 479 610 517 665; x_wconf 94' lang='lat' dir='ltr'>ut</span> <span class='ocrx_word' id='word_1_13' title='bbox 528 600 686 665; x_wconf 92' lang='lat' dir='ltr'>alimenta</span> <span class='ocrx_word' id='word_1_14' title='bbox 698 600 824 684; x_wconf 93' lang='lat' dir='ltr'>pupillo</span> <span class='ocrx_word' id='word_1_15' title='bbox 835 600 1063 680; x_wconf 88' lang='lat' dir='ltr'>decernantur,</span> <span class='ocrx_word' id='word_1_16' title='bbox 1074 610 1208 665; x_wconf 90' lang='lat' dir='ltr'>cavetur</span> <span class='ocrx_word' id='word_1_17' title='bbox 1218 599 1361 683; x_wconf 84' lang='lat' dir='ltr'>epistula</span> 
     </span>
     <span class='ocr_line' id='line_1_3' title="bbox 213 703 1361 787; baseline 0 -20"><span class='ocrx_word' id='word_1_18' title='bbox 213 705 364 768; x_wconf 91' lang='lat' dir='ltr'>divorum</span> <span class='ocrx_word' id='word_1_19' title='bbox 382 703 496 768; x_wconf 89' lang='lat' dir='ltr'>Severi</span> <span class='ocrx_word' id='word_1_20' title='bbox 512 713 547 768; x_wconf 92' lang='lat' dir='ltr'>et</span> <span class='ocrx_word' id='word_1_21' title='bbox 562 703 735 780; x_wconf 86' lang='lat' dir='ltr'>Antonini,</span> <span class='ocrx_word' id='word_1_22' title='bbox 752 713 789 768; x_wconf 94' lang='lat' dir='ltr'>ut</span> <span class='ocrx_word' id='word_1_23' title='bbox 804 705 837 766; x_wconf 92' lang='lat' dir='ltr'>in</span> <span class='ocrx_word' id='word_1_24' title='bbox 852 705 1093 787; x_wconf 92' lang='lat' dir='ltr'>possessionem</span> <span class='ocrx_word' id='word_1_25' title='bbox 1112 705 1275 768; x_wconf 91' lang='lat' dir='ltr'>bonorum</span> <span class='ocrx_word' id='word_1_26' title='bbox 1291 705 1361 768; x_wconf 87' lang='lat' dir='ltr'>eius</span> 
     </span>
     <span class='ocr_line' id='line_1_4' title="bbox 211 807 1362 891; baseline 0.001 -21"><span class='ocrx_word' id='word_1_27' title='bbox 211 807 357 891; x_wconf 91' lang='lat' dir='ltr'>pupillus</span> <span class='ocrx_word' id='word_1_28' title='bbox 381 807 554 872; x_wconf 90' lang='lat' dir='ltr'>mittatur:</span> <span class='ocrx_word' id='word_1_29' title='bbox 579 817 612 872; x_wconf 92' lang='lat' dir='ltr'>et</span> <span class='ocrx_word' id='word_1_30' title='bbox 633 829 718 890; x_wconf 93' lang='lat' dir='ltr'>quae</span> <span class='ocrx_word' id='word_1_31' title='bbox 742 828 834 872; x_wconf 87' lang='lat' dir='ltr'>mora</span> <span class='ocrx_word' id='word_1_32' title='bbox 856 808 1020 872; x_wconf 79' lang='lat' dir='ltr'>deteriora</span> <span class='ocrx_word' id='word_1_33' title='bbox 1042 808 1151 873; x_wconf 93' lang='lat' dir='ltr'>futura</span> <span class='ocrx_word' id='word_1_34' title='bbox 1173 817 1258 886; x_wconf 90' lang='lat' dir='ltr'>sunt,</span> <span class='ocrx_word' id='word_1_35' title='bbox 1281 808 1362 872; x_wconf 90' lang='lat' dir='ltr'>dato</span> 
     </span>
     <span class='ocr_line' id='line_1_5' title="bbox 211 911 1362 996; baseline -0.002 -20"><span class='ocrx_word' id='word_1_36' title='bbox 211 923 363 977; x_wconf 88' lang='lat' dir='ltr'>curatore</span> <span class='ocrx_word' id='word_1_37' title='bbox 377 911 516 975; x_wconf 84' lang='lat' dir='ltr'>distrahi</span> <span class='ocrx_word' id='word_1_38' title='bbox 533 911 695 976; x_wconf 91' lang='lat' dir='ltr'>iubentur.</span> <span class='ocrx_word' id='word_1_39' title='bbox 731 932 808 996; x_wconf 91' lang='lat' dir='ltr'>ergo</span> <span class='ocrx_word' id='word_1_40' title='bbox 825 922 862 978; x_wconf 92' lang='lat' dir='ltr'>ut</span> <span class='ocrx_word' id='word_1_41' title='bbox 877 923 1049 996; x_wconf 89' lang='lat' dir='ltr'>suspectus</span> <span class='ocrx_word' id='word_1_42' title='bbox 1064 912 1224 977; x_wconf 91' lang='lat' dir='ltr'>removeri</span> <span class='ocrx_word' id='word_1_43' title='bbox 1240 911 1362 996; x_wconf 90' lang='lat' dir='ltr'>poterit</span> 
     </span>
     <span class='ocr_line' id='line_1_6' title="bbox 212 1014 1411 1100; baseline 0.006 -22"><span class='ocrx_word' id='word_1_44' title='bbox 212 1017 268 1098; x_wconf 91' lang='lat' dir='ltr'>qui</span> <span class='ocrx_word' id='word_1_45' title='bbox 285 1037 352 1080; x_wconf 92' lang='lat' dir='ltr'>non</span> <span class='ocrx_word' id='word_1_46' title='bbox 367 1025 515 1098; x_wconf 86' lang='lat' dir='ltr'>praestat</span> <span class='ocrx_word' id='word_1_47' title='bbox 529 1015 696 1080; x_wconf 91' lang='lat' dir='ltr'>alimenta.</span> <span class='ocrx_word' id='word_1_48' title='bbox 729 1014 798 1079; x_wconf 88' lang='lat' dir='ltr'>Sed</span> <span class='ocrx_word' id='word_1_49' title='bbox 814 1016 840 1078; x_wconf 90' lang='lat' dir='ltr'>si</span> <span class='ocrx_word' id='word_1_50' title='bbox 856 1017 930 1098; x_wconf 92' lang='lat' dir='ltr'>quis</span> <span class='ocrx_word' id='word_1_51' title='bbox 945 1037 1100 1098; x_wconf 87' lang='lat' dir='ltr'>praesens</span> <span class='ocrx_word' id='word_1_52' title='bbox 1112 1027 1213 1099; x_wconf 90' lang='lat' dir='ltr'>negat</span> <span class='ocrx_word' id='word_1_53' title='bbox 1228 1025 1363 1100; x_wconf 90' lang='lat' dir='ltr'>propter</span> <span class='ocrx_word' id='word_1_54' title='bbox 1377 1029 1411 1084; x_wconf 88' lang='lat'>10</span> 
     </span>
     <span class='ocr_line' id='line_1_7' title="bbox 213 1118 1362 1202; baseline 0.003 -21"><span class='ocrx_word' id='word_1_55' title='bbox 213 1120 360 1202; x_wconf 90' lang='lat' dir='ltr'>inopiam</span> <span class='ocrx_word' id='word_1_56' title='bbox 382 1118 542 1183; x_wconf 91' lang='lat' dir='ltr'>alimenta</span> <span class='ocrx_word' id='word_1_57' title='bbox 560 1140 658 1202; x_wconf 89' lang='lat' dir='ltr'>posse</span> <span class='ocrx_word' id='word_1_58' title='bbox 677 1119 816 1198; x_wconf 91' lang='lat' dir='ltr'>decerni,</span> <span class='ocrx_word' id='word_1_59' title='bbox 832 1119 859 1184; x_wconf 89' lang='lat' dir='ltr'>si</span> <span class='ocrx_word' id='word_1_60' title='bbox 880 1119 943 1184; x_wconf 93' lang='lat' dir='ltr'>hoc</span> <span class='ocrx_word' id='word_1_61' title='bbox 958 1139 1018 1202; x_wconf 89' lang='lat' dir='ltr'>per</span> <span class='ocrx_word' id='word_1_62' title='bbox 1033 1122 1241 1185; x_wconf 85' lang='lat' dir='ltr'>mendacium</span> <span class='ocrx_word' id='word_1_63' title='bbox 1263 1121 1362 1200; x_wconf 87' lang='lat' dir='ltr'>dicat,</span> 
     </span>
     <span class='ocr_line' id='line_1_8' title="bbox 212 1222 1362 1307; baseline 0.003 -22"><span class='ocrx_word' id='word_1_64' title='bbox 212 1224 449 1287; x_wconf 89' lang='lat' dir='ltr'>remittendum</span> <span class='ocrx_word' id='word_1_65' title='bbox 463 1244 538 1286; x_wconf 91' lang='lat' dir='ltr'>eum</span> <span class='ocrx_word' id='word_1_66' title='bbox 551 1244 623 1287; x_wconf 91' lang='lat' dir='ltr'>esse</span> <span class='ocrx_word' id='word_1_67' title='bbox 636 1224 679 1287; x_wconf 93' lang='lat' dir='ltr'>ad</span> <span class='ocrx_word' id='word_1_68' title='bbox 692 1222 895 1306; x_wconf 90' lang='lat' dir='ltr'>praefectum</span> <span class='ocrx_word' id='word_1_69' title='bbox 908 1224 997 1287; x_wconf 91' lang='lat' dir='ltr'>urbis</span> <span class='ocrx_word' id='word_1_70' title='bbox 1009 1225 1214 1306; x_wconf 92' lang='lat' dir='ltr'>puniendum</span> <span class='ocrx_word' id='word_1_71' title='bbox 1230 1224 1362 1307; x_wconf 89' lang='lat' dir='ltr'>placuit,</span> 
     </span>
     <span class='ocr_line' id='line_1_9' title="bbox 212 1326 1362 1410; baseline 0.002 -20"><span class='ocrx_word' id='word_1_72' title='bbox 212 1327 296 1391; x_wconf 92' lang='lat' dir='ltr'>sicut</span> <span class='ocrx_word' id='word_1_73' title='bbox 312 1326 369 1390; x_wconf 91' lang='lat' dir='ltr'>ille</span> <span class='ocrx_word' id='word_1_74' title='bbox 385 1328 572 1403; x_wconf 90' lang='lat' dir='ltr'>remittitur,</span> <span class='ocrx_word' id='word_1_75' title='bbox 589 1327 646 1410; x_wconf 93' lang='lat' dir='ltr'>qui</span> <span class='ocrx_word' id='word_1_76' title='bbox 669 1327 748 1390; x_wconf 92' lang='lat' dir='ltr'>data</span> <span class='ocrx_word' id='word_1_77' title='bbox 770 1327 909 1410; x_wconf 92' lang='lat' dir='ltr'>pecunia</span> <span class='ocrx_word' id='word_1_78' title='bbox 928 1328 1144 1392; x_wconf 91' lang='lat' dir='ltr'>ministerium</span> <span class='ocrx_word' id='word_1_79' title='bbox 1166 1328 1292 1392; x_wconf 86' lang='lat' dir='ltr'>tutelae</span> <span class='ocrx_word' id='word_1_80' title='bbox 1313 1349 1362 1391; x_wconf 91' lang='lat' dir='ltr'>re-</span> 
     </span>
     <span class='ocr_line' id='line_1_10' title="bbox 212 1430 1408 1516; baseline 0.002 -22"><span class='ocrx_word' id='word_1_81' title='bbox 212 1432 327 1496; x_wconf 90' lang='lat' dir='ltr'>demit.</span> <span class='ocrx_word' id='word_1_82' title='bbox 387 1431 543 1495; x_wconf 91' lang='lat' dir='ltr'>Libertus</span> <span class='ocrx_word' id='word_1_83' title='bbox 572 1451 715 1514; x_wconf 91' lang='lat' dir='ltr'>quoque,</span> <span class='ocrx_word' id='word_1_84' title='bbox 742 1431 769 1494; x_wconf 91' lang='lat' dir='ltr'>si</span> <span class='ocrx_word' id='word_1_85' title='bbox 798 1430 1023 1496; x_wconf 84' lang='lat' dir='ltr'>fraudulenter</span> <span class='ocrx_word' id='word_1_86' title='bbox 1051 1433 1192 1516; x_wconf 84' lang='lat' dir='ltr'>gessisse</span> <span class='ocrx_word' id='word_1_87' title='bbox 1221 1433 1362 1498; x_wconf 89' lang='lat' dir='ltr'>tutelam</span> <span class='ocrx_word' id='word_1_88' title='bbox 1377 1442 1408 1496; x_wconf 93' lang='grc'>11</span> 
     </span>
     <span class='ocr_line' id='line_1_11' title="bbox 214 1534 1363 1618; baseline 0.003 -21"><span class='ocrx_word' id='word_1_89' title='bbox 214 1534 356 1600; x_wconf 87' lang='lat' dir='ltr'>filiorum</span> <span class='ocrx_word' id='word_1_90' title='bbox 377 1535 431 1599; x_wconf 91' lang='lat' dir='ltr'>vel</span> <span class='ocrx_word' id='word_1_91' title='bbox 453 1545 612 1618; x_wconf 87' lang='lat' dir='ltr'>nepotum</span> <span class='ocrx_word' id='word_1_92' title='bbox 634 1534 765 1618; x_wconf 91' lang='lat' dir='ltr'>patroni</span> <span class='ocrx_word' id='word_1_93' title='bbox 791 1535 957 1617; x_wconf 91' lang='lat' dir='ltr'>probetur,</span> <span class='ocrx_word' id='word_1_94' title='bbox 980 1536 1023 1600; x_wconf 89' lang='lat' dir='ltr'>ad</span> <span class='ocrx_word' id='word_1_95' title='bbox 1045 1535 1249 1618; x_wconf 90' lang='lat' dir='ltr'>praefectum</span> <span class='ocrx_word' id='word_1_96' title='bbox 1272 1537 1363 1600; x_wconf 91' lang='lat' dir='ltr'>urbis</span> 
     </span>
     <span class='ocr_line' id='line_1_12' title="bbox 213 1641 1411 1726; baseline 0.003 -22"><span class='ocrx_word' id='word_1_97' title='bbox 213 1641 391 1704; x_wconf 90' lang='lat' dir='ltr'>remittitur</span> <span class='ocrx_word' id='word_1_98' title='bbox 405 1641 602 1723; x_wconf 88' lang='lat' dir='ltr'>puniendus.</span> <span class='ocrx_word' id='word_1_99' title='bbox 648 1641 837 1704; x_wconf 88' lang='lat' dir='ltr'>Novissime</span> <span class='ocrx_word' id='word_1_100' title='bbox 855 1641 1028 1706; x_wconf 91' lang='lat' dir='ltr'>sciendum</span> <span class='ocrx_word' id='word_1_101' title='bbox 1050 1652 1100 1706; x_wconf 90' lang='lat' dir='ltr'>est</span> <span class='ocrx_word' id='word_1_102' title='bbox 1121 1663 1186 1720; x_wconf 93' lang='lat' dir='ltr'>eos,</span> <span class='ocrx_word' id='word_1_103' title='bbox 1207 1643 1264 1726; x_wconf 89' lang='lat' dir='ltr'>qui</span> <span class='ocrx_word' id='word_1_104' title='bbox 1278 1642 1362 1706; x_wconf 92' lang='lat' dir='ltr'>frau-</span> <span class='ocrx_word' id='word_1_105' title='bbox 1378 1654 1411 1709; x_wconf 89' lang='lat'>12</span> 
     </span>
     <span class='ocr_line' id='line_1_13' title="bbox 214 1743 1363 1826; baseline 0.002 -18"><span class='ocrx_word' id='word_1_106' title='bbox 214 1743 368 1808; x_wconf 91' lang='lat' dir='ltr'>dulenter</span> <span class='ocrx_word' id='word_1_107' title='bbox 379 1743 519 1808; x_wconf 90' lang='lat' dir='ltr'>tutelam</span> <span class='ocrx_word' id='word_1_108' title='bbox 534 1743 588 1808; x_wconf 90' lang='lat' dir='ltr'>vel</span> <span class='ocrx_word' id='word_1_109' title='bbox 603 1765 715 1814; x_wconf 88' lang='lat' dir='ltr'>curam</span> <span class='ocrx_word' id='word_1_110' title='bbox 728 1744 968 1823; x_wconf 90' lang='lat' dir='ltr'>administrant,</span> <span class='ocrx_word' id='word_1_111' title='bbox 981 1745 1109 1809; x_wconf 88' lang='lat' dir='ltr'>etiarnsi</span> <span class='ocrx_word' id='word_1_112' title='bbox 1122 1745 1202 1809; x_wconf 89' lang='lat' dir='ltr'>satis</span> <span class='ocrx_word' id='word_1_113' title='bbox 1213 1745 1363 1826; x_wconf 84' lang='lat' dir='ltr'>offerant,</span> 
     </span>
     <span class='ocr_line' id='line_1_14' title="bbox 213 1848 1364 1932; baseline 0.001 -21"><span class='ocrx_word' id='word_1_114' title='bbox 213 1848 430 1912; x_wconf 89' lang='lat' dir='ltr'>removendos</span> <span class='ocrx_word' id='word_1_115' title='bbox 445 1869 465 1911; x_wconf 91' lang='lat' dir='ltr'>a</span> <span class='ocrx_word' id='word_1_116' title='bbox 481 1848 594 1926; x_wconf 89' lang='lat' dir='ltr'>tutela,</span> <span class='ocrx_word' id='word_1_117' title='bbox 609 1849 687 1932; x_wconf 91' lang='lat' dir='ltr'>quia</span> <span class='ocrx_word' id='word_1_118' title='bbox 707 1848 879 1912; x_wconf 89' lang='lat' dir='ltr'>satisdatio</span> <span class='ocrx_word' id='word_1_119' title='bbox 902 1849 1109 1930; x_wconf 92' lang='lat' dir='ltr'>propositum</span> <span class='ocrx_word' id='word_1_120' title='bbox 1126 1850 1244 1912; x_wconf 90' lang='lat' dir='ltr'>tutoris</span> <span class='ocrx_word' id='word_1_121' title='bbox 1260 1849 1364 1912; x_wconf 91' lang='lat' dir='ltr'>male-</span> 
     </span>
     <span class='ocr_line' id='line_1_15' title="bbox 213 1950 1363 2034; baseline -0.002 -18"><span class='ocrx_word' id='word_1_122' title='bbox 213 1951 325 2016; x_wconf 90' lang='lat' dir='ltr'>volum</span> <span class='ocrx_word' id='word_1_123' title='bbox 341 1972 407 2015; x_wconf 92' lang='lat' dir='ltr'>non</span> <span class='ocrx_word' id='word_1_124' title='bbox 423 1961 539 2026; x_wconf 90' lang='lat' dir='ltr'>mutat,</span> <span class='ocrx_word' id='word_1_125' title='bbox 556 1953 615 2016; x_wconf 90' lang='lat' dir='ltr'>sed</span> <span class='ocrx_word' id='word_1_126' title='bbox 631 1951 755 2016; x_wconf 89' lang='lat' dir='ltr'>diutius</span> <span class='ocrx_word' id='word_1_127' title='bbox 769 1951 942 2034; x_wconf 89' lang='lat' dir='ltr'>grassandi</span> <span class='ocrx_word' id='word_1_128' title='bbox 957 1953 991 2014; x_wconf 95' lang='lat' dir='ltr'>in</span> <span class='ocrx_word' id='word_1_129' title='bbox 1006 1971 1041 2014; x_wconf 90' lang='lat' dir='ltr'>re</span> <span class='ocrx_word' id='word_1_130' title='bbox 1056 1950 1208 2014; x_wconf 86' lang='lat' dir='ltr'>familiari</span> <span class='ocrx_word' id='word_1_131' title='bbox 1223 1951 1363 2016; x_wconf 90' lang='lat' dir='ltr'>faculta-</span> 
     </span>
     <span class='ocr_line' id='line_1_16' title="bbox 213 2054 1411 2139; baseline 0.002 -21"><span class='ocrx_word' id='word_1_132' title='bbox 213 2065 281 2120; x_wconf 91' lang='lat' dir='ltr'>tem</span> <span class='ocrx_word' id='word_1_133' title='bbox 304 2065 463 2138; x_wconf 86' lang='lat' dir='ltr'>praestat.</span> <span class='ocrx_word' id='word_1_134' title='bbox 510 2055 710 2139; x_wconf 89' lang='lat' dir='ltr'>Suspectum</span> <span class='ocrx_word' id='word_1_135' title='bbox 733 2057 820 2120; x_wconf 92' lang='lat' dir='ltr'>enim</span> <span class='ocrx_word' id='word_1_136' title='bbox 843 2075 920 2120; x_wconf 92' lang='lat' dir='ltr'>eum</span> <span class='ocrx_word' id='word_1_137' title='bbox 944 2063 1109 2137; x_wconf 90' lang='lat' dir='ltr'>putamus,</span> <span class='ocrx_word' id='word_1_138' title='bbox 1134 2055 1190 2136; x_wconf 91' lang='lat' dir='ltr'>qui</span> <span class='ocrx_word' id='word_1_139' title='bbox 1218 2054 1362 2120; x_wconf 91' lang='lat' dir='ltr'>moribus</span> <span class='ocrx_word' id='word_1_140' title='bbox 1378 2065 1411 2120; x_wconf 89' lang='grc'>13</span> 
     </span>
     <span class='ocr_line' id='line_1_17' title="bbox 214 2157 1364 2242; baseline 0.001 -19"><span class='ocrx_word' id='word_1_141' title='bbox 214 2159 289 2224; x_wconf 88' lang='lat' dir='ltr'>talis</span> <span class='ocrx_word' id='word_1_142' title='bbox 305 2171 364 2239; x_wconf 92' lang='lat' dir='ltr'>est,</span> <span class='ocrx_word' id='word_1_143' title='bbox 379 2170 416 2224; x_wconf 91' lang='lat' dir='ltr'>ut</span> <span class='ocrx_word' id='word_1_144' title='bbox 432 2170 604 2242; x_wconf 91' lang='lat' dir='ltr'>suspectus</span> <span class='ocrx_word' id='word_1_145' title='bbox 619 2161 681 2224; x_wconf 91' lang='lat' dir='ltr'>sit:</span> <span class='ocrx_word' id='word_1_146' title='bbox 705 2160 873 2224; x_wconf 91' lang='lat' dir='ltr'>enimvero</span> <span class='ocrx_word' id='word_1_147' title='bbox 890 2167 980 2224; x_wconf 92' lang='lat' dir='ltr'>tutor</span> <span class='ocrx_word' id='word_1_148' title='bbox 994 2157 1046 2222; x_wconf 91' lang='lat' dir='ltr'>vel</span> <span class='ocrx_word' id='word_1_149' title='bbox 1066 2167 1197 2224; x_wconf 88' lang='lat' dir='ltr'>curator</span> <span class='ocrx_word' id='word_1_150' title='bbox 1212 2160 1364 2241; x_wconf 88' lang='lat' dir='ltr'>quamvis</span> 
     </span>
     <span class='ocr_line' id='line_1_18' title="bbox 214 2263 1363 2346; baseline 0.001 -20"><span class='ocrx_word' id='word_1_151' title='bbox 214 2284 342 2346; x_wconf 89' lang='lat' dir='ltr'>pauper</span> <span class='ocrx_word' id='word_1_152' title='bbox 357 2273 414 2342; x_wconf 89' lang='lat' dir='ltr'>est,</span> <span class='ocrx_word' id='word_1_153' title='bbox 428 2264 534 2330; x_wconf 89' lang='lat' dir='ltr'>fidelis</span> <span class='ocrx_word' id='word_1_154' title='bbox 549 2273 662 2330; x_wconf 89' lang='lat' dir='ltr'>tamen</span> <span class='ocrx_word' id='word_1_155' title='bbox 680 2273 713 2328; x_wconf 92' lang='lat' dir='ltr'>et</span> <span class='ocrx_word' id='word_1_156' title='bbox 729 2263 878 2346; x_wconf 90' lang='lat' dir='ltr'>diligens,</span> <span class='ocrx_word' id='word_1_157' title='bbox 892 2263 1110 2328; x_wconf 91' lang='lat' dir='ltr'>removendus</span> <span class='ocrx_word' id='word_1_158' title='bbox 1122 2282 1189 2326; x_wconf 92' lang='lat' dir='ltr'>non</span> <span class='ocrx_word' id='word_1_159' title='bbox 1205 2271 1255 2327; x_wconf 89' lang='lat' dir='ltr'>est</span> <span class='ocrx_word' id='word_1_160' title='bbox 1270 2265 1363 2346; x_wconf 85' lang='lat' dir='ltr'>quasi</span> 
     </span>
     <span class='ocr_line' id='line_1_19' title="bbox 213 2377 396 2450; baseline 0.011 -20"><span class='ocrx_word' id='word_1_161' title='bbox 213 2377 396 2450; x_wconf 91' lang='lat' dir='ltr'>suspectus.</span> 
     </span>
    </p>
   </div>
   <div class='ocr_carea' id='block_1_3' title="bbox 250 2535 1366 2643">
    <p class='ocr_par' dir='ltr' id='par_1_3' title="bbox 250 2535 1366 2643">
     <span class='ocr_line' id='line_1_20' title="bbox 250 2535 1366 2643; baseline 0 -15"><span class='ocrx_word' id='word_1_162' title='bbox 250 2571 306 2643; x_wconf 66' lang='lat' dir='ltr'>§ta</span> <span class='ocrx_word' id='word_1_163' title='bbox 328 2575 354 2628; x_wconf 89' lang='lat' dir='ltr'>lt</span> <span class='ocrx_word' id='word_1_164' title='bbox 372 2574 425 2628; x_wconf 87' lang='lat' dir='ltr'>has</span> <span class='ocrx_word' id='word_1_165' title='bbox 444 2573 516 2628; x_wconf 91' lang='lat' dir='ltr'>been</span> <span class='ocrx_word' id='word_1_166' title='bbox 535 2535 651 2642; x_wconf 83' lang='lat' dir='ltr'>already</span> <span class='ocrx_word' id='word_1_167' title='bbox 668 2571 833 2626; x_wconf 90' lang='lat' dir='ltr'>mentioned</span> <span class='ocrx_word' id='word_1_168' title='bbox 851 2574 912 2628; x_wconf 90' lang='lat' dir='ltr'>that</span> <span class='ocrx_word' id='word_1_169' title='bbox 929 2591 962 2629; x_wconf 90' lang='lat' dir='ltr'>as</span> <span class='ocrx_word' id='word_1_170' title='bbox 977 2591 995 2628; x_wconf 90' lang='lat' dir='ltr'>a</span> <span class='ocrx_word' id='word_1_171' title='bbox 1013 2574 1127 2643; x_wconf 86' lang='lat' dir='ltr'>general</span> <span class='ocrx_word' id='word_1_172' title='bbox 1145 2575 1205 2629; x_wconf 91' lang='lat' dir='ltr'>rule</span> <span class='ocrx_word' id='word_1_173' title='bbox 1223 2575 1271 2629; x_wconf 90' lang='lat' dir='ltr'>the</span> <span class='ocrx_word' id='word_1_174' title='bbox 1289 2583 1366 2630; x_wconf 90' lang='lat' dir='ltr'>tutor</span> 
     </span>
    </p>
   </div>
   <div class='ocr_carea' id='block_1_4' title="bbox 213 2655 1368 3398">
    <p class='ocr_par' dir='ltr' id='par_1_4' title="bbox 213 2655 1368 3398">
     <span class='ocr_line' id='line_1_21' title="bbox 213 2655 1364 2728; baseline 0 -16"><span class='ocrx_word' id='word_1_175' title='bbox 213 2657 271 2712; x_wconf 89' lang='lat' dir='ltr'>had</span> <span class='ocrx_word' id='word_1_176' title='bbox 283 2655 404 2726; x_wconf 84' lang='lat' dir='ltr'>nothing</span> <span class='ocrx_word' id='word_1_177' title='bbox 416 2667 445 2711; x_wconf 92' lang='lat' dir='ltr'>to</span> <span class='ocrx_word' id='word_1_178' title='bbox 459 2657 496 2712; x_wconf 93' lang='lat' dir='ltr'>do</span> <span class='ocrx_word' id='word_1_179' title='bbox 508 2656 575 2711; x_wconf 90' lang='lat' dir='ltr'>with</span> <span class='ocrx_word' id='word_1_180' title='bbox 588 2656 636 2711; x_wconf 92' lang='lat' dir='ltr'>the</span> <span class='ocrx_word' id='word_1_181' title='bbox 648 2655 762 2726; x_wconf 86' lang='lat' dir='ltr'>rearing</span> <span class='ocrx_word' id='word_1_182' title='bbox 774 2655 831 2710; x_wconf 87' lang='lat' dir='ltr'>and</span> <span class='ocrx_word' id='word_1_183' title='bbox 844 2655 995 2712; x_wconf 89' lang='lat' dir='ltr'>education</span> <span class='ocrx_word' id='word_1_184' title='bbox 1015 2657 1048 2711; x_wconf 94' lang='lat' dir='ltr'>of</span> <span class='ocrx_word' id='word_1_185' title='bbox 1062 2656 1106 2712; x_wconf 90' lang='lat' dir='ltr'>his</span> <span class='ocrx_word' id='word_1_186' title='bbox 1121 2656 1218 2728; x_wconf 89' lang='lat' dir='ltr'>pupil;</span> <span class='ocrx_word' id='word_1_187' title='bbox 1237 2657 1293 2713; x_wconf 87' lang='lat' dir='ltr'>this</span> <span class='ocrx_word' id='word_1_188' title='bbox 1307 2675 1364 2713; x_wconf 86' lang='lat' dir='ltr'>was</span> 
     </span>
     <span class='ocr_line' id='line_1_22' title="bbox 214 2739 1365 2814; baseline 0.004 -19"><span class='ocrx_word' id='word_1_189' title='bbox 214 2741 359 2796; x_wconf 89' lang='lat' dir='ltr'>entrusted</span> <span class='ocrx_word' id='word_1_190' title='bbox 371 2751 401 2796; x_wconf 90' lang='lat' dir='ltr'>to</span> <span class='ocrx_word' id='word_1_191' title='bbox 414 2742 462 2796; x_wconf 91' lang='lat' dir='ltr'>the</span> <span class='ocrx_word' id='word_1_192' title='bbox 474 2741 580 2796; x_wconf 88' lang='lat' dir='ltr'>latter&#39;s</span> <span class='ocrx_word' id='word_1_193' title='bbox 594 2749 706 2796; x_wconf 87' lang='lat' dir='ltr'>nearest</span> <span class='ocrx_word' id='word_1_194' title='bbox 719 2739 862 2808; x_wconf 89' lang='lat' dir='ltr'>relations,</span> <span class='ocrx_word' id='word_1_195' title='bbox 872 2751 902 2796; x_wconf 91' lang='lat' dir='ltr'>to</span> <span class='ocrx_word' id='word_1_196' title='bbox 914 2743 1008 2796; x_wconf 91' lang='lat' dir='ltr'>whom</span> <span class='ocrx_word' id='word_1_197' title='bbox 1021 2742 1069 2797; x_wconf 89' lang='lat' dir='ltr'>the</span> <span class='ocrx_word' id='word_1_198' title='bbox 1082 2751 1158 2798; x_wconf 89' lang='lat' dir='ltr'>tutor</span> <span class='ocrx_word' id='word_1_199' title='bbox 1169 2743 1254 2798; x_wconf 89' lang='lat' dir='ltr'>made</span> <span class='ocrx_word' id='word_1_200' title='bbox 1267 2762 1285 2799; x_wconf 91' lang='lat' dir='ltr'>a</span> <span class='ocrx_word' id='word_1_201' title='bbox 1296 2761 1365 2814; x_wconf 90' lang='lat' dir='ltr'>pay-</span> 
     </span>
     <span class='ocr_line' id='line_1_23' title="bbox 214 2823 1364 2897; baseline 0.003 -19"><span class='ocrx_word' id='word_1_202' title='bbox 214 2834 291 2880; x_wconf 89' lang='lat' dir='ltr'>ment</span> <span class='ocrx_word' id='word_1_203' title='bbox 304 2825 337 2878; x_wconf 92' lang='lat' dir='ltr'>of</span> <span class='ocrx_word' id='word_1_204' title='bbox 346 2841 378 2878; x_wconf 92' lang='lat' dir='ltr'>so</span> <span class='ocrx_word' id='word_1_205' title='bbox 391 2825 475 2878; x_wconf 89' lang='lat' dir='ltr'>much</span> <span class='ocrx_word' id='word_1_206' title='bbox 488 2842 539 2895; x_wconf 92' lang='lat' dir='ltr'>per</span> <span class='ocrx_word' id='word_1_207' title='bbox 551 2841 657 2879; x_wconf 89' lang='lat' dir='ltr'>annum</span> <span class='ocrx_word' id='word_1_208' title='bbox 667 2823 711 2878; x_wconf 93' lang='lat' dir='ltr'>for</span> <span class='ocrx_word' id='word_1_209' title='bbox 723 2823 779 2878; x_wconf 91' lang='lat' dir='ltr'>this</span> <span class='ocrx_word' id='word_1_210' title='bbox 792 2841 923 2896; x_wconf 89' lang='lat' dir='ltr'>purpose,</span> <span class='ocrx_word' id='word_1_211' title='bbox 936 2826 984 2881; x_wconf 85' lang='lat' dir='ltr'>the</span> <span class='ocrx_word' id='word_1_212' title='bbox 994 2826 1103 2896; x_wconf 88' lang='lat' dir='ltr'>precise</span> <span class='ocrx_word' id='word_1_213' title='bbox 1117 2843 1179 2881; x_wconf 86' lang='lat' dir='ltr'>sum</span> <span class='ocrx_word' id='word_1_214' title='bbox 1192 2826 1278 2897; x_wconf 84' lang='lat' dir='ltr'>being</span> <span class='ocrx_word' id='word_1_215' title='bbox 1290 2827 1364 2884; x_wconf 84' lang='lat' dir='ltr'>fixed</span> 
     </span>
     <span class='ocr_line' id='line_1_24' title="bbox 213 2907 1364 2981; baseline 0.003 -20"><span class='ocrx_word' id='word_1_216' title='bbox 213 2908 251 2977; x_wconf 94' lang='lat' dir='ltr'>by</span> <span class='ocrx_word' id='word_1_217' title='bbox 263 2908 312 2962; x_wconf 89' lang='lat' dir='ltr'>the</span> <span class='ocrx_word' id='word_1_218' title='bbox 330 2909 495 2976; x_wconf 86' lang='lat' dir='ltr'>magistrate</span> <span class='ocrx_word' id='word_1_219' title='bbox 514 2907 542 2962; x_wconf 92' lang='lat' dir='ltr'>in</span> <span class='ocrx_word' id='word_1_220' title='bbox 561 2907 725 2978; x_wconf 90' lang='lat' dir='ltr'>proportion</span> <span class='ocrx_word' id='word_1_221' title='bbox 743 2918 773 2962; x_wconf 93' lang='lat' dir='ltr'>to</span> <span class='ocrx_word' id='word_1_222' title='bbox 791 2909 840 2962; x_wconf 90' lang='lat' dir='ltr'>the</span> <span class='ocrx_word' id='word_1_223' title='bbox 858 2907 958 2979; x_wconf 85' lang='lat' dir='ltr'>pupil&#39;s</span> <span class='ocrx_word' id='word_1_224' title='bbox 975 2909 1085 2965; x_wconf 87' lang='lat' dir='ltr'>fortune</span> <span class='ocrx_word' id='word_1_225' title='bbox 1104 2927 1137 2964; x_wconf 94' lang='lat' dir='ltr'>as</span> <span class='ocrx_word' id='word_1_226' title='bbox 1155 2909 1307 2965; x_wconf 89' lang='lat' dir='ltr'>estimated</span> <span class='ocrx_word' id='word_1_227' title='bbox 1325 2911 1364 2981; x_wconf 93' lang='lat' dir='ltr'>by</span> 
     </span>
     <span class='ocr_line' id='line_1_25' title="bbox 214 2991 1364 3063; baseline 0.003 -18"><span class='ocrx_word' id='word_1_228' title='bbox 214 2993 262 3047; x_wconf 91' lang='lat' dir='ltr'>the</span> <span class='ocrx_word' id='word_1_229' title='bbox 280 3001 356 3046; x_wconf 90' lang='lat' dir='ltr'>tutor</span> <span class='ocrx_word' id='word_1_230' title='bbox 375 2991 493 3046; x_wconf 88' lang='lat' dir='ltr'>himself.</span> <span class='ocrx_word' id='word_1_231' title='bbox 533 2991 566 3060; x_wconf 90' lang='lat' dir='ltr'>If,</span> <span class='ocrx_word' id='word_1_232' title='bbox 579 2992 651 3046; x_wconf 88' lang='lat' dir='ltr'>after</span> <span class='ocrx_word' id='word_1_233' title='bbox 668 2992 717 3046; x_wconf 91' lang='lat' dir='ltr'>the</span> <span class='ocrx_word' id='word_1_234' title='bbox 736 2992 840 3046; x_wconf 87' lang='lat' dir='ltr'>annual</span> <span class='ocrx_word' id='word_1_235' title='bbox 858 2993 1011 3048; x_wconf 89' lang='lat' dir='ltr'>allowance</span> <span class='ocrx_word' id='word_1_236' title='bbox 1029 2992 1116 3063; x_wconf 88' lang='lat' dir='ltr'>being</span> <span class='ocrx_word' id='word_1_237' title='bbox 1134 2994 1200 3048; x_wconf 92' lang='lat' dir='ltr'>thus</span> <span class='ocrx_word' id='word_1_238' title='bbox 1218 2993 1301 3062; x_wconf 86' lang='lat' dir='ltr'>fixed,</span> <span class='ocrx_word' id='word_1_239' title='bbox 1314 2995 1364 3050; x_wconf 89' lang='lat' dir='ltr'>the</span> 
     </span>
     <span class='ocr_line' id='line_1_26' title="bbox 213 3074 1368 3148; baseline 0.002 -18"><span class='ocrx_word' id='word_1_240' title='bbox 213 3085 288 3131; x_wconf 90' lang='lat' dir='ltr'>tutor</span> <span class='ocrx_word' id='word_1_241' title='bbox 307 3075 393 3130; x_wconf 86' lang='lat' dir='ltr'>failed</span> <span class='ocrx_word' id='word_1_242' title='bbox 412 3085 442 3130; x_wconf 93' lang='lat' dir='ltr'>to</span> <span class='ocrx_word' id='word_1_243' title='bbox 461 3074 577 3145; x_wconf 89' lang='lat' dir='ltr'>provide</span> <span class='ocrx_word' id='word_1_244' title='bbox 595 3075 616 3129; x_wconf 94' lang='lat' dir='ltr'>it</span> <span class='ocrx_word' id='word_1_245' title='bbox 637 3075 784 3145; x_wconf 84' lang='lat' dir='ltr'>regularly,</span> <span class='ocrx_word' id='word_1_246' title='bbox 803 3077 882 3131; x_wconf 87' lang='lat' dir='ltr'>there</span> <span class='ocrx_word' id='word_1_247' title='bbox 900 3093 958 3131; x_wconf 87' lang='lat' dir='ltr'>was</span> <span class='ocrx_word' id='word_1_248' title='bbox 976 3076 1069 3148; x_wconf 89' lang='lat' dir='ltr'>prima</span> <span class='ocrx_word' id='word_1_249' title='bbox 1086 3076 1159 3132; x_wconf 90' lang='lat' dir='ltr'>facie</span> <span class='ocrx_word' id='word_1_250' title='bbox 1177 3077 1313 3132; x_wconf 87' lang='lat' dir='ltr'>evidence</span> <span class='ocrx_word' id='word_1_251' title='bbox 1335 3078 1368 3133; x_wconf 92' lang='lat' dir='ltr'>of</span> 
     </span>
     <span class='ocr_line' id='line_1_27' title="bbox 214 3157 1364 3230; baseline 0.002 -16"><span class='ocrx_word' id='word_1_252' title='bbox 214 3157 499 3214; x_wconf 86' lang='lat' dir='ltr'>maladministration</span> <span class='ocrx_word' id='word_1_253' title='bbox 520 3157 659 3214; x_wconf 86' lang='lat' dir='ltr'>sufficient</span> <span class='ocrx_word' id='word_1_254' title='bbox 679 3168 709 3213; x_wconf 91' lang='lat' dir='ltr'>to</span> <span class='ocrx_word' id='word_1_255' title='bbox 731 3169 851 3216; x_wconf 89' lang='lat' dir='ltr'>warrant</span> <span class='ocrx_word' id='word_1_256' title='bbox 874 3161 1008 3216; x_wconf 88' lang='lat' dir='ltr'>removal.</span> <span class='ocrx_word' id='word_1_257' title='bbox 1056 3161 1119 3216; x_wconf 86' lang='lat' dir='ltr'>The</span> <span class='ocrx_word' id='word_1_258' title='bbox 1144 3160 1237 3230; x_wconf 89' lang='lat' dir='ltr'>object</span> <span class='ocrx_word' id='word_1_259' title='bbox 1263 3161 1296 3214; x_wconf 91' lang='lat' dir='ltr'>of</span> <span class='ocrx_word' id='word_1_260' title='bbox 1315 3162 1364 3216; x_wconf 86' lang='lat' dir='ltr'>the</span> 
     </span>
     <span class='ocr_line' id='line_1_28' title="bbox 213 3241 1365 3316; baseline 0.001 -19"><span class='ocrx_word' id='word_1_261' title='bbox 213 3243 313 3316; x_wconf 90' lang='lat' dir='ltr'>pupil’s</span> <span class='ocrx_word' id='word_1_262' title='bbox 326 3241 412 3312; x_wconf 87' lang='lat' dir='ltr'>being</span> <span class='ocrx_word' id='word_1_263' title='bbox 426 3241 545 3297; x_wconf 88' lang='lat' dir='ltr'>‘missus</span> <span class='ocrx_word' id='word_1_264' title='bbox 558 3241 586 3296; x_wconf 90' lang='lat' dir='ltr'>in</span> <span class='ocrx_word' id='word_1_265' title='bbox 599 3241 825 3312; x_wconf 89' lang='lat' dir='ltr'>possessionem’</span> <span class='ocrx_word' id='word_1_266' title='bbox 840 3244 873 3298; x_wconf 92' lang='lat' dir='ltr'>of</span> <span class='ocrx_word' id='word_1_267' title='bbox 887 3245 935 3299; x_wconf 90' lang='lat' dir='ltr'>the</span> <span class='ocrx_word' id='word_1_268' title='bbox 948 3246 1045 3298; x_wconf 90' lang='lat' dir='ltr'>tutor&#39;s</span> <span class='ocrx_word' id='word_1_269' title='bbox 1058 3253 1191 3314; x_wconf 80' lang='lat' dir='ltr'>property</span> <span class='ocrx_word' id='word_1_270' title='bbox 1204 3261 1260 3298; x_wconf 87' lang='lat' dir='ltr'>was</span> <span class='ocrx_word' id='word_1_271' title='bbox 1272 3245 1365 3315; x_wconf 88' lang='lat' dir='ltr'>partly</span> 
     </span>
     <span class='ocr_line' id='line_1_29' title="bbox 214 3326 1364 3398; baseline 0.001 -16"><span class='ocrx_word' id='word_1_272' title='bbox 214 3337 243 3382; x_wconf 91' lang='lat' dir='ltr'>to</span> <span class='ocrx_word' id='word_1_273' title='bbox 263 3327 366 3381; x_wconf 91' lang='lat' dir='ltr'>induce</span> <span class='ocrx_word' id='word_1_274' title='bbox 385 3327 433 3381; x_wconf 91' lang='lat' dir='ltr'>the</span> <span class='ocrx_word' id='word_1_275' title='bbox 452 3326 535 3380; x_wconf 89' lang='lat' dir='ltr'>latter</span> <span class='ocrx_word' id='word_1_276' title='bbox 552 3335 583 3380; x_wconf 90' lang='lat' dir='ltr'>to</span> <span class='ocrx_word' id='word_1_277' title='bbox 598 3342 712 3396; x_wconf 85' lang='lat' dir='ltr'>appear,</span> <span class='ocrx_word' id='word_1_278' title='bbox 731 3327 824 3396; x_wconf 89' lang='lat' dir='ltr'>partly</span> <span class='ocrx_word' id='word_1_279' title='bbox 841 3337 871 3382; x_wconf 93' lang='lat' dir='ltr'>to</span> <span class='ocrx_word' id='word_1_280' title='bbox 890 3337 1044 3396; x_wconf 88' lang='lat' dir='ltr'>guarantee</span> <span class='ocrx_word' id='word_1_281' title='bbox 1063 3327 1112 3381; x_wconf 91' lang='lat' dir='ltr'>the</span> <span class='ocrx_word' id='word_1_282' title='bbox 1130 3327 1234 3383; x_wconf 90' lang='lat' dir='ltr'>former</span> <span class='ocrx_word' id='word_1_283' title='bbox 1252 3328 1364 3398; x_wconf 86' lang='lat' dir='ltr'>against</span> 
     </span>
    </p>
   </div>
   <div class='ocr_carea' id='block_1_5' title="bbox 124 3409 1363 3482">
    <p class='ocr_par' dir='ltr' id='par_1_5' title="bbox 124 3409 1363 3482">
     <span class='ocr_line' id='line_1_30' title="bbox 124 3409 1363 3482; baseline 0.003 -18"><span class='ocrx_word' id='word_1_284' title='bbox 124 3435 129 3446; x_wconf 82' lang='lat'><strong>·</strong></span> <span class='ocrx_word' id='word_1_285' title='bbox 213 3413 302 3466; x_wconf 89' lang='lat' dir='ltr'>losses</span> <span class='ocrx_word' id='word_1_286' title='bbox 316 3409 407 3464; x_wconf 91' lang='lat' dir='ltr'>which</span> <span class='ocrx_word' id='word_1_287' title='bbox 419 3409 509 3480; x_wconf 86' lang='lat' dir='ltr'>might</span> <span class='ocrx_word' id='word_1_288' title='bbox 521 3409 594 3464; x_wconf 90' lang='lat' dir='ltr'>have</span> <span class='ocrx_word' id='word_1_289' title='bbox 606 3409 741 3464; x_wconf 90' lang='lat' dir='ltr'>occurred</span> <span class='ocrx_word' id='word_1_290' title='bbox 754 3409 782 3464; x_wconf 91' lang='lat' dir='ltr'>in</span> <span class='ocrx_word' id='word_1_291' title='bbox 796 3409 840 3464; x_wconf 92' lang='lat' dir='ltr'>his</span> <span class='ocrx_word' id='word_1_292' title='bbox 852 3411 962 3466; x_wconf 89' lang='lat' dir='ltr'>fortune</span> <span class='ocrx_word' id='word_1_293' title='bbox 975 3410 1097 3482; x_wconf 86' lang='lat' dir='ltr'>through</span> <span class='ocrx_word' id='word_1_294' title='bbox 1110 3410 1158 3466; x_wconf 92' lang='lat' dir='ltr'>the</span> <span class='ocrx_word' id='word_1_295' title='bbox 1171 3412 1267 3466; x_wconf 90' lang='lat' dir='ltr'>tutor&#39;s</span> <span class='ocrx_word' id='word_1_296' title='bbox 1281 3411 1363 3468; x_wconf 90' lang='lat' dir='ltr'>fraud</span> 
     </span>
    </p>
   </div>
   <div class='ocr_carea' id='block_1_6' title="bbox 214 3491 726 3563">
    <p class='ocr_par' dir='ltr' id='par_1_6' title="bbox 214 3491 726 3563">
     <span class='ocr_line' id='line_1_31' title="bbox 214 3491 726 3563; baseline -0.002 -15"><span class='ocrx_word' id='word_1_297' title='bbox 214 3512 246 3549; x_wconf 91' lang='lat' dir='ltr'>or</span> <span class='ocrx_word' id='word_1_298' title='bbox 258 3494 456 3563; x_wconf 87' lang='lat' dir='ltr'>carelessness,</span> <span class='ocrx_word' id='word_1_299' title='bbox 471 3491 535 3563; x_wconf 85' lang='lat' dir='ltr'>Dig.</span> <span class='ocrx_word' id='word_1_300' title='bbox 549 3492 592 3548; x_wconf 87' lang='lat'>26.</span> <span class='ocrx_word' id='word_1_301' title='bbox 609 3508 649 3548; x_wconf 85' lang='lat'>10.</span> <span class='ocrx_word' id='word_1_302' title='bbox 664 3505 688 3561; x_wconf 89' lang='lat'>7.</span> <span class='ocrx_word' id='word_1_303' title='bbox 702 3507 726 3547; x_wconf 86' lang='lat'>2.</span> 
     </span>
    </p>
   </div>
   <div class='ocr_carea' id='block_1_7' title="bbox 0 0 1661 5218">
    <p class='ocr_par' dir='ltr' id='par_1_7' title="bbox 0 0 1661 5218">
     <span class='ocr_line' id='line_1_32' title="bbox 0 0 1661 5218; baseline 0 0"><span class='ocrx_word' id='word_1_304' title='bbox 0 0 1661 5218; x_wconf 95' lang='lat' dir='ltr'> </span> 
     </span>
    </p>
   </div>
  </div>
 </body>
</html>
