3286 5144
292 409 357 496 356
492 418 597 474 INST
594 419 642 475 [Τ
644 417 698 476 UT
697 417 842 474 IONUM
859 417 979 473 LIBRI
997 417 1233 490 QUATTUOR.
1321 421 1386 486 [Lib.
1395 426 1442 474 111.

291 605 369 650 vero
399 584 552 670 adgnatis
582 583 741 648 inferioris
770 583 903 668 gradus,
930 582 1007 648 licet
1031 583 1149 668 capitis
1179 585 1441 650 deminutionem

292 689 381 770 passi
418 710 485 753 non
525 697 611 766 sunt,
651 697 765 752 tamen
803 709 861 752 eos
899 688 1073 771 anteponit
1114 698 1148 753 et
1183 689 1298 772 procul
1338 689 1441 753 dubio

263 793 451 875 2cognatis.
509 788 583 856 Hos
609 793 720 868 etiam,
745 792 802 873 qui
828 812 887 874 per
908 789 1056 856 seminini
1082 811 1185 856 sexus
1211 813 1368 876 personas
1395 813 1440 856 ex

291 904 477 960 transverso
507 895 705 978 cognatione
734 895 922 978 iunguntur,
952 896 1052 959 tertio
1081 895 1184 978 gradu
1216 895 1442 978 proximitatis

262 1000 426 1065 snomine
464 1010 597 1082 praetor
630 1000 673 1063 ad
715 1000 954 1064 successionem
985 1009 1092 1064 vocat.
1152 1000 1263 1064 Liberi
1298 1021 1440 1084 quoque,

292 1102 347 1184 qui
370 1103 404 1166 in
426 1103 583 1186 adoptiva
604 1101 728 1167 familia
751 1113 838 1178 sunt,
860 1103 903 1167 ad
927 1103 1125 1168 naturalium
1149 1113 1323 1186 parentum
1345 1103 1440 1167 here-

262 1206 431 1270 4ditatem
446 1205 509 1270 hoc
530 1206 647 1270 eodem
668 1207 771 1289 gradu
787 1216 955 1271 vocantur.
997 1206 1110 1289 Vulgo
1126 1207 1293 1289 quaesitos
1311 1206 1440 1270 nullum

290 1309 414 1373 habere
441 1309 625 1391 adgnatum
656 1309 866 1374 manifestum
902 1319 963 1386 est,
992 1329 1068 1374 cum
1097 1309 1256 1392 adgnatio
1285 1330 1306 1373 a
1334 1319 1439 1392 patre,

291 1413 445 1497 cognatio
474 1411 518 1478 sit
543 1421 701 1492 amatre,
726 1411 760 1476 hi
786 1422 898 1478 autem
927 1412 1054 1478 nullum
1084 1423 1212 1496 patrem
1238 1412 1360 1478 habere
1390 1413 1440 1477 in-

289 1515 500 1599 telleguntur.
552 1516 670 1580 eadem
700 1515 828 1580 ratione
858 1536 919 1582 nec
949 1517 1034 1582 inter
1062 1537 1099 1580 se
1134 1517 1269 1599 quidem
1298 1525 1440 1600 possunt

289 1621 392 1685 videri
421 1619 656 1702 consanguinei
686 1640 766 1698 esse,
797 1620 876 1702 quia
906 1620 1200 1703 consanguinitatis
1230 1619 1280 1684 ius
1311 1621 1440 1701 species

171 1745 174 1751 ·
290 1735 340 1788 est
369 1723 596 1807 adgnationis:
630 1730 762 1787 tantum
796 1723 896 1806 igitur
925 1724 1057 1806 cognati
1086 1731 1164 1787 sunt
1193 1723 1264 1801 sibi,
1289 1723 1375 1788 sicut
1405 1733 1440 1788 et

290 1825 404 1891 matris
434 1825 592 1911 cognatis.
644 1827 758 1909 itaque
790 1826 945 1891 omuibus
980 1827 1051 1890 istis
1086 1847 1125 1892 ea
1154 1835 1248 1909 parte
1278 1827 1439 1909 competit

288 1932 450 1996 bonorum
466 1931 636 2014 possessio,
652 1951 718 2013 qua
733 1931 957 2013 proximitatis
976 1930 1108 1996 nomine
1124 1931 1255 2014 cognati
1270 1939 1439 1998 vocantur.

260 2035 368 2101 5Hoc
394 2035 467 2126 loco
490 2045 524 2101 et
549 2034 630 2099 illud
657 2035 841 2100 necessario
867 2036 1067 2100 admonendi
1090 2056 1202 2101 sumus
1228 2035 1439 2118 adgnationis

289 2140 423 2223 quidem
452 2140 522 2204 iure
551 2140 683 2205 admitti
710 2139 854 2223 aliquem
880 2141 923 2204 ad
949 2139 1168 2206 hereditatem
1194 2149 1229 2206 et
1254 2141 1282 2204 si
1307 2141 1439 2206 decimo

287 2244 393 2328 gradu
416 2244 468 2319 sit,
488 2244 556 2309 sive
576 2245 620 2308 de
641 2242 715 2326 lege
737 2243 913 2308 duodecim
934 2242 1122 2308 tabularum
1145 2263 1350 2325 quaeramus,
1369 2244 1439 2308 sive

288 2347 332 2411 de
347 2348 456 2411 edicto
471 2367 538 2430 quo
552 2355 685 2432 praetor
699 2346 854 2431 legitimis
868 2345 1044 2411 heredibus
1056 2347 1209 2412 daturum
1225 2367 1261 2414 se
1274 2346 1438 2410 bonorum

287 2451 527 2534 possessionem
550 2451 732 2535 pollicetur.
770 2452 995 2535 proximitatis
1020 2471 1099 2516 vero
1126 2452 1259 2516 nomine
1280 2449 1332 2514 his
1358 2451 1438 2516 solis

286 2564 419 2638 praetor
434 2555 598 2636 promittit
613 2555 775 2620 bonorum
790 2556 1040 2640 possessionem,
1052 2553 1109 2638 qui
1124 2575 1228 2638 usque
1244 2554 1287 2618 ad
1303 2563 1438 2620 sextum

287 2658 429 2740 gradum
444 2659 647 2741 cognationis
662 2669 748 2739 sunt,
764 2669 799 2724 et
817 2681 862 2724 ex
877 2659 1020 2744 septimo
1043 2679 1064 2723 a
1087 2657 1219 2724 sobrino
1239 2657 1438 2742 sobrinaque

288 2769 368 2825 nato
383 2769 530 2828 nataeve.

837 2878 898 2945 VI.

591 3055 641 3106 DE
663 3054 852 3110 GRADIBUS
874 3055 1136 3110 COGNATIONlS.

334 3209 410 3275 Hoc
425 3208 499 3276 loco
515 3208 734 3276 necessarium
751 3216 801 3274 est
822 3228 996 3294 exponere,
1012 3208 1296 3292 quemadmodum
1314 3211 1438 3294 gradus

288 3313 492 3396 cognationis
508 3321 729 3378 numerentur.
760 3332 826 3396 qua
841 3313 874 3377 in
890 3333 925 3378 re
943 3311 1091 3397 inprimis
1107 3313 1307 3378 admonendi
1323 3335 1438 3382 sumus

287 3417 519 3500 cognationem
548 3417 648 3484 aliam
678 3437 777 3501 supra
806 3416 978 3492 numerari,
1009 3416 1109 3482 aliam
1140 3417 1231 3493 inira.
1262 3417 1361 3482 aliam
1393 3440 1437 3484 ex

287 3529 481 3600 transverso,
497 3541 583 3606 quae
603 3521 703 3586 etiam
724 3541 745 3586 a
765 3519 868 3586 latere
886 3521 1014 3586 dicitur.
1052 3520 1198 3604 superior
1218 3521 1372 3605 cognatio
1387 3531 1439 3588 est

189 3635 195 3648 “
286 3625 482 3708 parentium,
493 3623 627 3690 inferior
637 3623 824 3702 liberorum,
838 3645 883 3690 ex
894 3633 1080 3689 transverso
1095 3623 1232 3689 fratrum
1248 3645 1438 3690 sororumve

287 3865 443 3920 deminutio
468 3865 496 3920 in
518 3863 575 3920 this
596 3864 704 3922 section
726 3864 750 3921 is
772 3864 806 3919 ot'
822 3881 922 3922 course
943 3874 1040 3921 meant
1064 3865 1133 3935 only
1154 3863 1255 3936 capitis
1280 3863 1437 3921 deminutio

287 3965 413 4004 mtmma.
1210 3979 1212 3986 ·

324 4031 382 4104 §2
408 4033 470 4088 The
489 4041 603 4104 praetor
626 4031 685 4088 had
708 4031 769 4087 also
791 4031 931 4088 admitted
954 4048 1073 4103 persons
1097 4031 1207 4087 related
1229 4032 1339 4087 directa
1362 4031 1438 4088 linea

286 4115 409 4187 through
433 4116 551 4171 lemales
573 4131 678 4184 among
702 4114 832 4185 cognati;
856 4116 907 4170 but
931 4115 969 4184 by
990 4116 1039 4170 the
1061 4116 1129 4170 SC·.
1152 4115 1358 4172 Tertullianum
1379 4115 1439 4172 and

289 4200 458 4256 Orfitianum
477 4199 535 4256 and
550 4198 624 4255 their
641 4197 855 4269 developmeuts
874 4199 955 4254 these
973 4198 1031 4254 had
1049 4199 1123 4255 been
1139 4197 1234 4254 raised
1252 4208 1282 4254 to
1300 4199 1350 4256 the
1365 4199 1438 4256 rank

288 4283 415 4356 legitimi,
429 4284 462 4339 of
469 4284 560 4340 hence
574 4283 624 4338 ‘ex
636 4284 813 4338 transverso’
825 4281 854 4337 in
867 4283 915 4338 the
928 4292 994 4338 text.

323 4367 379 4440 58.
398 4368 469 4424 This
481 4369 569 4426 refers
589 4368 622 4423 oi
636 4383 736 4422 course
749 4367 816 4439 only
831 4377 861 4422 to
880 4367 1028 4437 adrogatio
1046 4367 1105 4424 and
1122 4366 1239 4437 adoptio
1258 4368 1358 4438 plena;
1376 4365 1402 4421 il
1415 4366 1437 4422 it

286 4469 360 4510 were
377 4451 471 4508 minus
489 4453 574 4524 plena
590 4453 639 4508 the
655 4453 806 4522 adoptatus
824 4451 983 4508 succeeded
999 4461 1029 4508 to
1045 4450 1090 4508 his
1106 4451 1217 4508 natural
1233 4449 1327 4508 father
1344 4451 1373 4506 in
1388 4451 1437 4508 tlte

288 4535 347 4591 first
360 4535 443 4593 order
456 4535 558 4607 (liberi)
570 4557 577 4604 ;
595 4553 645 4593 see
657 4553 694 4592 on
708 4535 765 4592 Tit.
780 4551 803 4592 1.
820 4550 852 4606 14
864 4552 938 4608 supr.
