3286 5144
173 433 272 501 Tit.3.]
337 431 399 488 DE
419 430 619 486 SENATUS
641 429 857 486 CONSULTO
883 430 1191 490 TERTULLIANO.
1259 438 1323 512 353

171 596 406 662 abstrahentes
429 597 526 660 certis
549 594 704 678 legitimis
726 596 852 660 dabant
874 597 1030 679 personis,
1055 600 1089 662 in
1114 599 1186 664 aliis
1212 607 1345 664 autem

172 701 377 765 contrarium
404 699 587 763 faciebant:
611 699 706 762 nobis
727 700 835 763 visum
858 709 908 764 est
932 709 1021 764 recta
1047 710 1080 765 et
1105 701 1245 784 simplici
1271 704 1325 768 via

172 812 317 867 matrem
345 803 500 882 omnibus
536 801 691 884 legitimis
726 804 874 884 personis
903 805 1062 886 anteponi
1091 814 1125 870 et
1157 806 1229 869 sine
1257 805 1326 870 ulla

172 907 404 971 deminutione
424 905 566 970 filiorum
589 925 722 970 suorum
743 908 985 971 successionem
1007 909 1167 992 accipere,
1182 919 1326 992 excepta

171 1010 283 1075 fratris
310 1019 345 1074 et
374 1010 493 1074 sororis
522 1029 672 1092 persona,
699 1009 767 1073 sive
797 1011 1031 1093 consanguinei
1061 1013 1127 1077 sint
1156 1013 1225 1076 sive
1254 1013 1326 1077 sola

173 1115 384 1197 cognationis
409 1115 479 1177 iura
500 1111 670 1189 habentes,
693 1122 731 1176 ut
754 1115 1036 1195 quemadmodum
1062 1137 1136 1180 eam
1162 1125 1235 1181 toto
1259 1117 1326 1182 alio

173 1220 283 1284 ordini
310 1217 460 1301 legitimo
482 1217 740 1300 praeposuimus,
771 1217 818 1281 ita
843 1235 960 1283 omnes
987 1219 1103 1285 fratres
1129 1229 1163 1285 et
1188 1241 1325 1296 sorores,

171 1323 242 1386 sive
269 1321 410 1404 legitimi
439 1321 507 1402 sint
533 1323 602 1386 sive
628 1341 703 1396 non,
728 1321 772 1384 ad
799 1323 975 1404 capiendas
1000 1324 1201 1389 hereditates
1227 1326 1326 1389 simul

171 1443 342 1501 vocemus,
358 1425 404 1490 ita
426 1433 540 1489 tamen
559 1433 606 1504 ut,
624 1425 651 1487 si
674 1425 809 1507 quidem
831 1426 920 1490 solae
943 1445 1069 1492 sorores
1092 1437 1255 1510 cognatae
1272 1430 1326 1494 vel

172 1531 343 1613 adgnatae
359 1539 393 1594 et
412 1538 518 1593 mater
533 1527 678 1594 defuncti
693 1527 746 1592 vel
766 1529 941 1594 defunctae
963 1531 1138 1613 supersint,
1153 1532 1327 1597 dimidiam
1417 1601 1419 1606 ,

171 1635 310 1718 quidem
334 1643 448 1712 mater,
463 1632 601 1698 alteram
623 1653 702 1696 vero
723 1633 896 1698 dimidiam
917 1644 1047 1718 partem
1065 1655 1180 1700 omnes
1199 1657 1326 1704 sorores

172 1738 332 1816 habeant,
351 1739 474 1804 sivero
497 1747 603 1801 matre
624 1738 802 1820 superstite
824 1750 858 1802 et
880 1737 980 1804 fratre
999 1739 1051 1804 vel
1074 1739 1228 1805 fratribus
1249 1743 1327 1806 solis

171 1842 227 1906 vel
250 1844 352 1905 etiam
376 1861 451 1905 cum
474 1842 639 1905 sororibus
663 1841 732 1904 sive
754 1841 903 1924 legitima
926 1843 995 1906 sive
1024 1842 1094 1906 sola
1120 1846 1327 1926 cognationis

172 1948 244 2010 iura
259 1946 458 2010 habentibus
473 1946 649 2010 intestatus
664 1946 737 2029 quis
747 1947 800 2009 vel
816 1948 973 2011 intestata
989 1947 1155 2025 moriatur,
1167 1948 1200 2010 in
1217 1949 1327 2030 capita

173 2049 391 2114 distribuatur
402 2050 472 2114 eius
486 2049 663 2115 hereditas.
710 2049 779 2114 Sed
795 2049 1076 2133 quemadmodum
1091 2071 1150 2116 nos
1166 2051 1357 2116 matribus6
1387 2033 1390 2040 ¹

173 2153 418 2236 prospeximus,
440 2155 488 2218 ita
510 2175 566 2218 eas
587 2163 720 2236 oportet
742 2175 822 2218 suae
846 2153 954 2218 suboli
978 2155 1166 2219 consulere:
1197 2153 1326 2219 scituris

175 2259 233 2332 eis,
255 2259 354 2340 quod,
371 2259 398 2321 si
419 2267 545 2322 tutores
566 2257 676 2322 liberis
696 2278 762 2321 non
783 2258 939 2340 petierint
952 2258 1006 2322 vel
1029 2259 1062 2321 in
1082 2257 1192 2324 locum
1207 2261 1326 2325 remoti

172 2360 227 2425 vel
252 2361 400 2425 excusati
425 2361 510 2425 intra
536 2381 659 2425 annum
682 2370 795 2444 petere
819 2361 1033 2444 neglexerint,
1057 2361 1101 2426 ab
1126 2381 1238 2426 eorum
1265 2363 1327 2425 im·

174 2464 339 2548 puberum
366 2466 576 2544 morientium
594 2466 801 2529 successione
824 2466 942 2529 merito
965 2464 1174 2547 repellentur.
1230 2465 1357 2530 Licet?

174 2579 287 2632 autem
310 2569 410 2651 vulgo
435 2569 602 2652 quaesitus
629 2570 672 2634 sit
694 2567 780 2632 filius
803 2569 919 2646 filiave,
943 2579 1055 2652 potest
1079 2572 1122 2636 ad
1146 2570 1235 2636 bona
1256 2570 1327 2634 eius

176 2681 285 2736 mater
300 2693 345 2735 ex
359 2672 566 2737 Tertulliano
582 2681 716 2737 senatus
732 2672 883 2738 consulto
899 2673 1041 2738 admitti.
1070 2704 1072 2710 ·

173 2919 251 2976 tions
264 2918 349 2974 made
362 2917 391 2974 in
403 2919 502 2974 favour
518 2919 551 2973 of
560 2919 666 2974 certain
683 2920 765 2976 other
777 2920 911 2976 relations
924 2922 1015 2977 which
1029 2940 1077 2978 are
1094 2923 1209 2979 noticed
1221 2940 1258 2978 on
1272 2925 1287 2991 ἧ
1302 2938 1327 2992 3,

174 3003 234 3058 and
246 3003 389 3072 preferred
402 3003 450 3058 the
468 3003 580 3057 mother
596 3012 626 3057 to
640 3003 678 3058 all
690 3005 772 3059 other
788 3004 915 3074 legitimi,
928 3015 1028 3078 except
1046 3007 1108 3062 that
1125 3007 1254 3061 brothers
1270 3007 1328 3062 and

175 3086 274 3141 sisters
293 3086 397 3140 shared
415 3086 464 3140 the
483 3085 657 3141 inheritance
670 3086 737 3142 with
756 3088 826 3154 her3
845 3087 869 3142 if
883 3089 963 3144 there
976 3107 1048 3144 were
1062 3089 1192 3145 brothers
1208 3091 1282 3159 only,
1296 3106 1328 3143 or

172 3169 305 3225 brothers
326 3167 383 3223 and
408 3168 513 3238 sisters,
534 3167 555 3222 it
577 3185 634 3223 was
657 3168 772 3224 dividcd
794 3169 823 3224 in
845 3171 939 3240 capita
957 3172 1085 3226 between
1104 3173 1183 3226 them
1202 3171 1260 3226 and
1278 3173 1327 3227 the

173 3253 302 3318 mother;
320 3251 345 3306 if
353 3249 450 3306 sisters
469 3251 544 3321 only,
557 3252 624 3321 they
636 3251 766 3322 together
784 3253 842 3307 and
859 3255 906 3307 the
925 3254 1037 3308 mother
1053 3254 1121 3308 took
1140 3253 1168 3308 in
1188 3254 1326 3310 moieties.

174 3335 220 3406 By
233 3337 306 3391 Nov.
318 3350 361 3390 22.
373 3345 407 3402 47
420 3334 561 3405 Justinian
574 3335 695 3390 enacted
707 3337 768 3390 that
781 3351 853 3390 even
865 3336 958 3390 where
971 3337 1050 3390 there
1063 3353 1136 3391 were
1149 3335 1246 3392 sisters
1260 3339 1327 3408 only

174 3421 224 3475 the
237 3417 359 3473 division
372 3419 474 3473 should
486 3419 523 3473 be
536 3418 565 3472 in
578 3417 681 3488 capita.
944 3483 948 3494 ¹

211 3500 225 3572 ξ
240 3505 267 3556 6.
287 3501 358 3556 This
371 3503 430 3557 rule
443 3501 601 3572 originated
614 3501 642 3555 in
656 3517 692 3556 an
705 3497 826 3570 epistola
839 3498 872 3554 of
882 3497 1036 3570 Septimius
1047 3499 1177 3570 Severus,
1188 3510 1284 3556 extant
1298 3501 1326 3555 in

175 3585 272 3724 Dhgtti
274 3586 339 3724 613
351 3599 461 3726 2tliider
472 3670 521 3725 the
533 3669 587 3723 law
599 3667 632 3722 of
640 3667 688 3722 the
701 3665 814 3720 Twelve
824 3663 929 3719 Tables
942 3663 991 3719 the
1004 3661 1130 3719 children
1144 3663 1177 3720 of
1185 3679 1203 3718 a
1216 3679 1327 3718 woman

175 3755 239 3808 who
260 3753 327 3809 died
343 3751 476 3808 intestate
497 3752 555 3806 had
570 3766 609 3805 no
628 3749 713 3805 claim
734 3759 763 3804 to
783 3749 904 3804 succeed
922 3749 973 3803 her
990 3748 1133 3802 whatever
1143 3767 1151 3814 ;
1168 3748 1236 3816 they
1255 3765 1327 3802 were

175 3835 286 3891 neither
304 3835 347 3892 sui
365 3853 418 3890 nor
436 3835 487 3890 her
505 3844 623 3904 agnates
643 3833 750 3904 (unless
769 3831 873 3889 indeed
892 3831 943 3887 she
957 3847 1013 3886 was
1033 3831 1061 3886 in
1080 3845 1167 3886 manu
1179 3829 1282 3900 mariti,
1297 3829 1325 3884 in

175 3921 267 3976 which
286 3937 352 3976 case
373 3921 424 3975 she
446 3919 530 3974 could
547 3919 627 3974 leave
645 3935 683 3972 no
701 3927 834 3987 property
853 3926 883 3972 to
904 3913 1030 3986 inherit).
1064 3915 1126 3971 The
1145 3923 1259 3986 praetor
1277 3913 1328 3968 ad·

175 4003 276 4059 mitted
289 4002 367 4059 them
379 4013 409 4058 to
421 4003 561 4056 bonorum
578 4001 722 4072 possessio
735 4000 763 4055 in
782 4001 830 4056 the
843 3999 919 4056 third
937 3997 1112 4070 (practically
1125 3997 1242 4064 second)
1256 3997 1328 4052 rank

175 4087 250 4156 only,
270 4087 443 4158 postponing
461 4085 540 4139 thern
558 4095 588 4140 to
606 4084 680 4139 their
698 4085 830 4139 mother's
849 4093 976 4153 agnates,
990 4081 1079 4139 Gaius
1093 4081 1121 4137 ii.
1134 4095 1190 4151 303
1207 4080 1256 4136 the
1273 4079 1328 4134 SC.

176 4169 355 4239 Orfitianum,
367 4179 429 4226 Aa).
446 4169 494 4236 178
508 4167 527 4236 (‘
534 4166 671 4222 Antonini
684 4176 712 4222 et
727 4165 877 4222 Commodi
891 4166 1034 4222 oratione’
1047 4165 1163 4236 Ulpian,
1173 4177 1232 4234 reg.
1245 4162 1286 4218 26.
1302 4173 1327 4230 7,

175 4253 211 4310 cf.
226 4253 402 4326 Capitolinus
416 4253 504 4307 Marc
523 4251 574 4320 11),
590 4267 662 4320 gave
680 4249 759 4305 thern
772 4267 790 4306 a
802 4259 941 4320 statutory
953 4249 1013 4305 title
1031 4249 1059 4304 in
1072 4249 1235 4319 preference
1248 4255 1278 4300 to
1291 4245 1329 4299 all

130 4383 136 4396 .
176 4347 294 4406 agnates
314 4337 442 4409 (Ulpian,
455 4336 508 4390 loc.
522 4333 588 4404 cit),
602 4333 761 4404 admitting,
773 4335 912 4403 however,
929 4335 977 4390 the
996 4333 1130 4386 woman’s
1146 4340 1290 4401 patronus,
1308 4326 1333 4381 if

176 4421 228 4475 she
240 4437 314 4476 were
330 4419 440 4487 liberta,
452 4429 482 4475 to
495 4435 513 4475 a
526 4419 608 4474 share
626 4417 786 4489 equivalent
800 4427 829 4473 to
842 4418 903 4473 that
921 4415 1006 4472 taken
1023 4415 1062 4486 by
1074 4414 1145 4472 each
1163 4411 1248 4483 child,
1262 4409 1328 4482 Dig.

177 4505 219 4574 38.
236 4517 277 4572 17.
293 4519 314 4560 1.
328 4519 353 4576 o

722 4637 784 4690 Aa
