3152 5164
75 343 171 410 ma]
333 344 958 418 ouraxourauscnus15,lsrc.
1164 359 1222 404 111

73 517 160 572 tores
186 528 238 572 res
262 507 476 574 hereditarias
502 509 585 574 servi
613 509 746 574 nomine
771 511 926 584 vendant,
952 529 993 573 ne
1023 509 1137 574 iniuria
1166 511 1224 574 de

72 611 202 676 functus
216 611 384 677 afficiatur.
429 613 589 695 Idemque
605 613 681 678 iuris
697 614 839 678 estetsi
858 614 928 676 sine
944 613 1098 678 libertate
1112 634 1224 678 servus
1237 620 1254 676 2

73 715 167 780 heres
193 715 361 780 institutus
388 725 448 780 est.
494 717 584 798 quod
612 726 724 780 nostra
748 717 940 781 constitutio
965 737 1031 780 non
1058 717 1163 780 solum
1191 719 1224 782 in

72 819 215 896 domino,
230 819 286 900 qui
305 819 464 884 solvendo
487 840 553 884 non
575 829 634 895 est,
650 820 709 884 sed
731 819 929 901 generaliter
946 821 1116 884 constituit
1139 841 1224 884 nova

71 921 286 986 humanitatis
309 923 442 997 ratione,
466 933 503 988 ut
531 943 576 988 ex
602 925 674 1005 ipsa
700 924 860 1006 scriptura
886 922 1101 985 institutionis
1123 922 1223 986 etiam

72 1027 206 1090 libertas
229 1027 258 1090 ei
281 1037 471 1109 competere
493 1027 653 1102 videatur,
674 1046 749 1090 cum
777 1047 842 1090 non
869 1035 920 1090 est
941 1024 1117 1090 verisimile
1139 1046 1224 1104 eum,

72 1151 171 1212 quem
187 1129 344 1195 heredem
359 1131 420 1194 sibi
437 1130 545 1212 elegit,
557 1131 583 1194 si
599 1130 854 1213 praetermiserit
870 1128 1031 1194 libertatis
1045 1128 1224 1208 dationem,

71 1255 200 1298 servum
217 1255 384 1300 remanere
398 1235 541 1300 voluisse
559 1244 593 1300 et
616 1236 782 1298 neminem
805 1233 867 1298 sibi
885 1233 1042 1298 heredem
1060 1232 1138 1298 sore.
1184 1235 1254 1298 1n3

71 1337 219 1402 fraudem
242 1347 353 1402 autem
377 1339 575 1404 creditorum
598 1339 828 1402 manumittere
846 1337 984 1415 videtur,
1007 1338 1063 1418 qui
1080 1338 1134 1402 vel
1157 1337 1222 1402 iam

73 1462 114 1504 eo
138 1449 288 1524 ternpore
311 1462 377 1523 quo
404 1443 608 1506 manumittit
628 1442 787 1506 solvendo
813 1462 878 1504 non
906 1450 966 1518 est,
983 1441 1036 1504 vel
1059 1443 1114 1523 qui
1137 1442 1223 1506 datis

72 1541 279 1605 libertatibus
301 1542 463 1606 desiturus
486 1551 536 1606 est
559 1541 718 1606 solvendo
740 1561 822 1604 esse.
867 1539 1087 1622 praevaluisse
1109 1549 1222 1606 tamen

73 1644 209 1721 videtur,
234 1645 297 1708 nisi
321 1645 468 1710 animum
495 1665 625 1728 quoque
654 1644 827 1708 fraudandi
853 1645 1072 1708 manumissor
1097 1643 1222 1718 habuit,

74 1767 139 1808 non
162 1748 312 1828 impediri
336 1748 530 1826 libertatem,
551 1750 700 1831 quamvis
721 1748 809 1812 bona
831 1748 900 1812 eius
923 1749 1136 1812 creditoribus
1155 1767 1222 1812 non

74 1849 251 1914 sufficiant:
278 1871 379 1932 saepe
402 1852 489 1914 enim
514 1849 557 1916 de
582 1850 792 1915 facultatibus
814 1851 880 1916 suis
902 1851 1043 1932 amplius
1066 1871 1166 1932 quam
1189 1851 1222 1914 in

74 1951 125 2014 his
151 1962 200 2016 est
229 1963 361 2036 sperant
384 1953 543 2018 homines.
588 1955 699 2036 itaque
725 1965 803 2018 tunc
827 1953 1049 2035 intellegimus
1072 1953 1222 2035 impediri

74 2055 270 2136 libertatem,
286 2075 360 2122 cum
376 2067 514 2139 utroque
537 2058 638 2123 modo
659 2057 850 2122 fraudantur
867 2058 1054 2131 creditores,
1071 2057 1104 2120 id
1121 2065 1171 2120 est
1189 2065 1223 2144 et

74 2159 208 2224 consilio
224 2161 485 2226 manumittentis
501 2170 534 2226 et
550 2161 620 2244 ipsa
637 2181 680 2241 re,
696 2162 840 2244 eoquod
858 2161 947 2224 bona
966 2180 1030 2224 non
1046 2159 1222 2224 suffectura

73 2273 148 2327 sunt
164 2265 385 2328 creditoribus

118 2367 245 2432 Eadem
262 2368 335 2451 lege
350 2367 450 2434 Aelia
472 2367 587 2436 Sentia
607 2369 742 2434 domino
766 2367 883 2432 minori
903 2367 996 2430 annis
1019 2366 1134 2449 viginti
1156 2376 1253 2430 nont

70 2471 168 2536 aliter
188 2473 419 2536 manumittere
445 2474 653 2556 permittitur,
676 2493 776 2556 quam
806 2474 833 2536 si
856 2473 1000 2537 vindicta
1030 2471 1118 2553 apud
1134 2492 1223 2554 ,con-

70 2577 180 2640 silium
196 2577 280 2640 iusta
294 2597 392 2642 causa
408 2579 671 2642 manumissionis
686 2578 869 2660 adprobata
885 2576 1003 2640 fuerint
1020 2577 1220 2640 manumissi

72 2681 184 2744 Iustae
200 2691 311 2746 autern
328 2683 591 2746 manumissionis
607 2702 724 2746 causae
745 2691 830 2760 sunt,
845 2679 947 2744 veluti
963 2681 990 2743 si
1006 2680 1079 2762 quis
1094 2690 1221 2763 patrem
1236 2694 1254 2747 5

69 2794 130 2850 aut
153 2795 291 2850 matrem
314 2795 371 2850 aut
394 2786 496 2850 filium
522 2785 665 2850 filiamve
686 2794 743 2850 aut
763 2785 896 2849 fratrem
919 2803 1107 2848 sororemve
1126 2793 1221 2847 natu·

70 2889 156 2954 rales
184 2898 242 2954 aut
270 2891 499 2973 paedagogum
530 2891 688 2954 nutricem
723 2889 934 2954 educatorem
964 2898 1022 2952 aut
1054 2886 1221 2950 alumnum

68 2993 280 3058 alumnamve
303 3003 360 3058 aut
386 2995 624 3058 collactaneum
655 2995 877 3068 manumittat,
902 3001 959 3056 aut
990 3012 1119 3056 servum
1146 3011 1221 3073 pro-

108 3217 170 3271 The
188 3218 233 3272 lex
245 3216 328 3272 Aelia
346 3216 444 3272 Sentia
463 3216 513 3272 did
532 3225 581 3271 not
599 3215 685 3285 apply
703 3225 733 3270 to
749 3212 899 3284 peregrini,
915 3223 945 3269 to
963 3213 1065 3280 whom,
1082 3213 1221 3280 however,

67 3299 128 3355 this
142 3311 204 3370 part
213 3301 247 3354 of
256 3299 277 3355 it
289 3299 410 3368 relating
423 3310 452 3354 to
465 3298 672 3353 manumission
686 3297 714 3351 in
728 3297 809 3352 fraud
822 3297 855 3351 of
864 3295 1000 3352 creditore
1010 3312 1068 3351 was
1081 3295 1222 3352 extended

66 3385 110 3452 by
134 3399 153 3438 a
177 3382 487 3439 ‘senatusconsultum'
511 3379 601 3434 under
627 3378 757 3434 Hadrian
769 3399 778 3446 ;
802 3379 891 3434 Gaius
913 3377 931 3432 i.
954 3391 997 3446 47.
1044 3377 1134 3434 Gaius
1155 3394 1221 3447 says

68 3465 101 3533 (i.
115 3467 160 3534 37)
175 3468 236 3522 that
253 3468 302 3520 the
318 3473 423 3520 statute
436 3462 554 3518 allowed
573 3478 591 3516 a
608 3471 710 3532 patron
728 3471 759 3516 to
777 3461 881 3516 revoke
893 3459 1113 3516 manumissione
1126 3461 1164 3529 by
1176 3459 1221 3514 bis

65 3549 217 3605 freedmen
235 3548 326 3604 which
345 3546 438 3601 would
456 3545 593 3614 seriously
612 3543 715 3614 impair
735 3543 780 3598 bis
801 3560 864 3598 own
886 3542 975 3612 rights
995 3544 1028 3598 of
1049 3543 1221 3598 succession.

68 3635 129 3689 For
146 3635 195 3688 the
214 3633 274 3688 sale
292 3631 325 3687 of
340 3649 357 3686 a
376 3629 518 3686 deceased
535 3627 699 3684 insolvent’s
711 3635 845 3698 property
858 3643 906 3682 see
920 3625 1008 3682 Gaius
1022 3625 1060 3680 iii.
1073 3627 1180 3692 78-80:
1200 3625 1221 3680 ir

67 3717 196 3772 entailed
214 3717 400 3788 posthumous
420 3713 545 3782 infamia,
559 3713 674 3768 whence
688 3710 709 3768 it
723 3711 747 3766 is
764 3709 829 3766 said
847 3709 962 3765 ‘servus
980 3707 1198 3764 necessarius..
1213 3750 1219 3762 .

67 3819 128 3858 non
147 3803 239 3874 magis
257 3799 458 3873 patrimonium
471 3815 558 3870 quam
578 3795 724 3852 infamiam
737 3793 872 3867 consequi
885 3793 1012 3850 videtur'
1026 3793 1096 3848 Cod.
1109 3791 1219 3848 Theod.

69 3901 93 3940 2.
113 3901 152 3954 19.
167 3901 193 3956 3.

107 3973 121 4044 ξ
135 3977 164 4029 2
184 3975 246 4030 Ταε
259 3982 421 4029 enactment
434 3970 557 4027 referred
569 3979 600 4026 to
612 3969 636 4024 is
650 3967 678 4023 in
693 3966 801 4024 Coun
817 3979 859 4033 27.
875 3977 897 4036 5.

106 4058 121 4123 t
136 4061 165 4110 4.
185 4058 247 4112 The
260 4057 365 4111 motive
377 4055 410 4109 of
418 4055 475 4110 this
487 4063 550 4126 part
569 4053 601 4108 of
610 4053 659 4108 the
675 4061 780 4108 statute
794 4050 818 4106 is
831 4049 926 4106 stated
937 4050 977 4120 by
989 4046 1174 4118 Tbeophilus,
1187 4045 1221 4100 δι’

66 4141 169 4195 εὔνοιαν
187 4143 239 4192 rubr
255 4137 468 4208 mmocpotmv
487 4134 615 4206 ἠπίστατο
633 4137 684 4207 γὰρ
702 4135 737 4192 fes
756 4173 786 4190 ..
801 4171 809 4187 .
826 4134 937 4204 οὗχερὸα
955 4131 1118 4186 ἀπατῶνται.
1134 4128 1221 4196 ..τὴν

66 4225 167 4280 ἑαυτῶν
179 4223 335 4277 ahmeino
353 4221 509 4276 ὑπόστασιν.
546 4221 608 4276 The
628 4217 778 4276 consilium
797 4215 942 4272 consisted
960 4224 989 4270 at
1008 4216 1100 4268 Rome
1118 4213 1151 4268 of
1166 4212 1220 4268 five

66 4317 201 4364 senators
219 4305 277 4360 and
295 4304 349 4359 live
367 4303 483 4373 knights
502 4303 592 4358 above
614 4303 663 4359 the
681 4301 784 4372 ageos
798 4300 927 4371 puberty‚
945 4299 1008 4352 who
1027 4307 1070 4353 sat
1089 4313 1127 4352 on
1146 4295 1219 4352 lixed

66 4393 141 4462 days
155 4410 163 4458 ;
184 4389 272 4445 Gaius
286 4387 304 4444 i.
317 4403 359 4458 20,
374 4387 489 4458 Ulpian,
502 4404 558 4457 reg.
577 4402 599 4442 ι.
616 4399 683 4456 13A,
698 4385 764 4454 Dig.
781 4399 803 4439 1.
820 4398 860 4437 ια
873 4399 915 4453 pr.
927 4381 985 4437 and
999 4395 1024 4438 2.

104 4476 164 4543 §5.
185 4475 242 4529 For
260 4473 309 4529 the
327 4487 459 4528 common
483 4472 676 4543 employment
701 4469 734 4524 of
754 4469 847 4524 slaves
865 4483 897 4522 as
916 4463 1074 4538 paedagogi
1096 4463 1132 4519 cf.
1155 4463 1219 4518 Plu-
