3152 5164
418 467 479 534 126
621 473 695 530 INS
699 471 771 528 TIT
773 472 972 528 UTIONUM
991 471 1111 526 LIBRI
1129 471 1365 544 QUATTUOR.
1438 470 1460 533 Γ

385 649 603 704 ssororemve
624 660 669 702 ex
693 637 904 704 matrimonio
930 647 1047 722 postea
1070 645 1241 700 contracto
1269 646 1371 701 natos.
1408 633 1457 697 Si:

416 753 473 806 tua
496 753 571 825 post
593 743 769 805 divortium
790 762 834 805 ex
856 741 923 806 alio
950 741 1050 804 liliam
1074 741 1305 822 procreaverit,
1326 739 1398 802 haec
1416 757 1453 798 nr.

416 847 549 928 quidem
563 845 711 928 privigna
727 855 803 908 tua:
826 847 885 909 sed
904 845 1049 908 Iulianus
1064 843 1252 907 huiusmodi
1268 845 1387 926 nuptiis
1399 843 1457 904 absi.

416 949 537 1012 debere
566 951 632 1012 ait:
670 967 747 1010 nam
778 969 837 1012 nec
868 969 1023 1032 sponsam
1051 948 1108 1010 filii
1135 969 1251 1010 numm
1281 967 1355 1011 esse
1379 965 1424 1007 nec
1441 965 1463 1023 p

418 1071 572 1132 sponsam
590 1071 763 1115 novercam
779 1073 860 1129 csse,
876 1053 995 1116 rectius
1010 1063 1122 1115 tamen
1139 1061 1173 1114 et
1188 1053 1256 1113 iure
1272 1049 1409 1114 facturos
1420 1069 1468 1108 ers

372 1157 405 1212 10
418 1153 604 1218 huiusmodi
627 1157 749 1238 nuptiis
771 1177 807 1220 se
829 1157 1056 1220 abstinuerint.
1103 1155 1190 1218 Illud
1214 1165 1344 1219 certum
1367 1163 1409 1216 est
1425 1149 1468 1213 se?

418 1279 549 1340 quoque
571 1261 783 1340 cognationes
806 1261 1046 1342 impedimento
1068 1279 1141 1322 esse
1163 1259 1300 1340 nuptiis,
1322 1259 1348 1322 si
1372 1258 1437 1320 lone
1450 1272 1470 1332 ς’.

372 1371 403 1424 11
419 1371 452 1425 et
476 1363 542 1426 filia
565 1373 621 1426 aut
646 1363 746 1426 irater
762 1373 795 1426 et
818 1383 909 1427 soror
931 1364 1123 1427 manumissi
1147 1363 1279 1425 suerint.
1329 1361 1408 1424 Sunt
1424 1353 1476 1420 eti'

418 1487 586 1547 personae,
608 1488 694 1549 quae
719 1477 855 1551 propter
880 1469 1025 1531 diversas
1052 1468 1194 1530 rationes
1221 1469 1357 1548 nuptias
1379 1459 1470 1527 conta?

419 1569 642 1650 prohibentur,
664 1591 746 1652 quas
772 1572 805 1634 in
835 1571 925 1636 libris
951 1572 1155 1654 digestomm
1182 1591 1240 1634 seu
1263 1572 1466 1654 pandectarum

419 1673 520 1734 veteri
544 1673 610 1735 iure
633 1673 843 1737 collectarum
867 1677 1048 1738 enumerari
1070 1675 1290 1757 permisimus.

374 1790 407 1844 12
465 1771 501 1837 Si
516 1776 671 1838 adversus
698 1798 737 1840 ea
763 1799 848 1859 quae
877 1779 1023 1842 diximus
1047 1777 1148 1860 aliqui
1178 1777 1329 1850 coierint,
1358 1797 1413 1840 nec
1431 1773 1479 1834 rirr

420 1899 506 1940 uxor
534 1899 593 1943 nec
627 1883 762 1962 nuptiae
796 1901 856 1945 nec
890 1883 1136 1946 matrimonium
1173 1901 1233 1944 nec
1267 1882 1335 1944 dos
1365 1875 1479 1953 intellegi

420 1983 531 2064 itaque
554 1983 584 2060 ii,
605 1985 660 2066 qui
681 2005 725 2048 ex
748 2005 788 2047 eo
813 1985 900 2048 coitu
925 1996 1110 2062 nascuntur,
1133 1986 1167 2047 in
1189 1993 1362 2068 potestate
1382 1982 1461 2066 patris
1474 1997 1489 2034 s

420 2097 504 2164 sunt,
519 2089 577 2150 sed
593 2087 676 2151 tales
698 2097 784 2166 sunt,
800 2099 960 2170 quantum
978 2090 1020 2152 ad
1042 2088 1183 2172 patriam
1199 2098 1404 2170 potestatem
1418 2081 1497 2168 perid

419 2190 533 2270 quales
548 2201 624 2254 sunt
639 2191 669 2268 ii,
684 2213 767 2274 quos
784 2203 890 2255 mater·
903 2193 1001 2274 vulgo
1017 2194 1177 2275 concepit
1220 2211 1300 2255 nam
1319 2214 1381 2256 nec
1395 2191 1425 2253 hi
1438 2202 1493 2269 patr

420 2293 541 2357 habere
559 2295 800 2377 intelleguntur,
820 2317 894 2359 cum
916 2297 943 2360 is
967 2299 1067 2361 etiam
1091 2299 1233 2360 incertus
1256 2307 1331 2360 est:
1360 2297 1439 2359 unde
1454 2288 1488 2354 svl-

421 2397 478 2460 tilii
494 2400 592 2479 spurii
607 2399 776 2480 appellari,
792 2400 844 2463 vel
859 2422 879 2463 a
898 2400 1023 2465 Graeca
1038 2421 1118 2464 voce
1138 2401 1231 2483 quasi
1255 2399 1411 2480 σποράδην
1423 2407 1510 2471 conss}

421 2500 473 2562 vel
496 2502 588 2580 quasi
612 2503 682 2565 sine
704 2514 797 2585 patre
820 2504 885 2568 filii.
936 2507 1082 2587 sequitur
1101 2526 1188 2588 erg0,
1212 2515 1308 2568 utet
1332 2503 1492 2569 dissoluto:
1513 2537 1514 2610 q

422 2603 510 2664 coitu
538 2623 597 2666 nec
628 2605 715 2668 dotis
744 2607 908 2671 exactioni
939 2607 1029 2671 locus
1059 2608 1109 2670 sit.
1165 2607 1221 2689 qui
1246 2617 1366 2671 autem
1396 2601 1502 2690 prohibit,

423 2707 553 2787 nuptias
575 2719 704 2787 coeunt,
730 2719 763 2772 et
789 2709 870 2773 alias
899 2731 1022 2793 poenas
1051 2711 1228 2794 patiuntur,
1251 2731 1341 2793 quae
1373 2711 1461 2776 sacris
1479 2717 1503 2764 tf

420 2812 645 2877 stitutionibus
667 2815 884 2877 continentur.

459 3001 473 3066 ὁ
487 3003 533 3055 10.
554 3002 652 3055 Slaves
665 3017 738 3054 were
751 2999 899 3070 incapable
912 3001 944 3054 ol
952 3001 1091 3070 marriage
1106 3002 1202 3070 (sensu
1210 3001 1305 3071 legali)
1322 3004 1357 3056 of
1366 3020 1425 3071 any
1435 2995 1505 3053 und?

422 3100 440 3137 a
450 3094 615 3152 permanent
629 3083 795 3137 connection
808 3084 935 3138 between
944 3095 999 3138 two
1012 3085 1113 3150 slaves,
1124 3101 1155 3138 or
1168 3102 1185 3139 a
1197 3087 1275 3140 slave
1287 3086 1346 3139 and
1365 3105 1385 3140 a
1397 3087 1451 3139 free
1461 3085 1514 3149 pffi*

423 3182 480 3218 was
500 3165 590 3219 called
606 3166 828 3234 contubernium,
849 3169 925 3221 Paul.
943 3177 1014 3222 sent.
1027 3185 1082 3222 rec.
1096 3183 1121 3221 2.
1138 3183 1177 3237 19.
1190 3168 1216 3222 6.
1255 3169 1333 3222 Here
1346 3171 1402 3224 the
1416 3171 1514 3222 nature:

424 3247 512 3300 lation
532 3248 564 3300 oi
578 3248 669 3301 father
686 3249 743 3302 and
759 3249 835 3303 child
848 3267 905 3304 was
921 3261 951 3304 to
967 3267 1047 3305 some
1063 3261 1159 3305 extent
1176 3250 1367 3320 recognised:
1389 3269 1414 3306 e.
1420 3269 1445 3320 g.
1457 3263 1481 3300 ai
1491 3258 1512 3292 ¹2²

424 3346 511 3382 causa
535 3330 764 3385 manumissionis
788 3333 878 3388 under
899 3335 947 3388 the
972 3334 1016 3389 lex
1041 3333 1122 3388 Aelia
1148 3333 1255 3402 Sentia,
1283 3334 1378 3389 Gaius
1400 3335 1419 3390 i.
1441 3347 1475 3399 lp
1504 3325 1514 3372 l

423 3411 578 3480 cordingly‚
601 3413 681 3466 when
705 3413 795 3468 slaves
817 3417 875 3471 had
896 3418 1015 3472 become
1036 3417 1103 3484 free,
1125 3417 1184 3470 and
1204 3417 1270 3471 thus
1294 3419 1422 3486 capable
1443 3416 1469 3468 ot
1486 3410 1514 3462 ir:

425 3494 572 3564 marriage,
586 3495 651 3564 they
665 3513 736 3551 were
749 3499 814 3552 held
827 3509 856 3554 to
868 3500 905 3555 be
917 3501 1014 3556 within
1027 3502 1075 3555 the
1088 3501 1162 3554 rules
1175 3516 1207 3554 as
1220 3510 1250 3554 to
1263 3499 1433 3569 prohibited
1446 3500 1514 3562 depr<

462 3574 535 3648 512.
556 3578 689 3634 Children
705 3579 776 3635 bom
793 3582 825 3636 of
838 3599 855 3637 a
872 3585 1040 3638 connection
1053 3582 1145 3638 which
1157 3599 1215 3636 was
1231 3593 1281 3637 not
1298 3599 1316 3636 a
1334 3583 1415 3653 legal
1432 3575 1514 3636 manl³

424 3660 516 3718 either
533 3662 654 3718 because
668 3663 688 3719 it
702 3682 758 3719 was
772 3666 932 3735 prohibited
951 3669 989 3737 by
1001 3685 1080 3722 some
1099 3665 1219 3736 positive
1232 3667 1300 3734 rule,
1314 3683 1347 3720 or
1359 3666 1484 3722 because
1494 3659 1514 3711 l?-

403 3751 406 3758 ‘
424 3763 482 3800 was
500 3763 538 3800 no
556 3746 692 3801 maritalis
711 3747 917 3816 affectio,were
934 3750 1064 3818 deemed,
1084 3766 1117 3803 as
1139 3765 1157 3802 a
1176 3749 1244 3816 rule,
1263 3758 1293 3802 to
1315 3749 1391 3804 have
1413 3765 1452 3803 no
1470 3742 1511 3798 sall

424 3829 524 3900 ‘vulgo
543 3831 671 3900 concepti
691 3829 828 3899 dicuntur,
843 3831 889 3901 qui
903 3841 1013 3900 patrem
1032 3833 1226 3886 demonstrare
1244 3848 1301 3885 non
1320 3845 1456 3900 possunt,
1469 3827 1503 3880 rel

425 3923 543 3982 possunt
562 3913 685 3983 quidem,
703 3913 755 3966 sed
774 3929 839 3966 eum
857 3913 963 3967 habent
982 3929 1067 3983 quem
1085 3915 1191 3968 habere
1209 3929 1266 3966 non
1285 3911 1360 3982 licet,
1373 3915 1427 3984 qui
1448 3923 1474 3966 et
1490 3923 1513 3974 sp

425 3997 602 4066 appellantur
619 3996 689 4064 παρὰ
707 3995 752 4062 τὴν
770 3997 882 4062 σποράνι
902 3993 966 4062 Dig.
985 4011 1005 4048 1.
1022 4007 1045 4061 5.
1060 4009 1102 4061 23.
1140 3997 1216 4052 Such
1235 4014 1253 4051 a
1271 3997 1447 4052 connection
1461 3995 1514 4047 who

425 4079 579 4133 amounted
598 4087 627 4131 to
646 4086 782 4146 stuprum,
799 4075 977 4142 adulterium,
997 4091 1029 4127 or
1047 4073 1179 4147 incestus,
1192 4095 1249 4133 was
1266 4076 1370 4133 visited
1390 4079 1463 4134 with
1481 4089 1514 4129 so

426 4161 564 4231 penalties
576 4161 614 4230 by
627 4161 675 4214 the
688 4160 732 4214 lex
747 4158 818 4213 Iulia
831 4159 866 4214 de
880 4154 1025 4212 adulteriis
1040 4153 1094 4196 (me
1114 4159 1150 4214 iv,
1164 4163 1204 4216 13,
1215 4175 1234 4228 4
1246 4159 1323 4227 inp„
1342 4159 1490 4231 ‘stuprum
1501 4172 1514 4206 c

426 4243 521 4312 mittit,
534 4245 581 4314 qui
593 4245 712 4298 liberam
730 4241 885 4310 mulierem,
901 4257 905 4264 ·
1158 4261 1226 4312 rusa,
1239 4259 1295 4298 non
1313 4240 1514 4306 matrimonii,t

426 4325 506 4394 tinet,
528 4339 645 4398 excepta
666 4325 797 4382 videlicet
816 4342 875 4380 con¹
1185 4341 1227 4394 34
1243 4341 1264 4380 r.
1301 4325 1389 4378 From
1409 4327 1469 4380 this
1487 4323 1504 4376 it

427 4406 464 4459 be
473 4409 646 4465 understood
658 4412 718 4466 that
732 4408 860 4465 concubii
1189 4406 1325 4463 *nnection
1335 4405 1459 4463 without
1472 4404 1514 4460 alic

427 4488 572 4558 maritalis,
592 4510 649 4548 was
667 4511 685 4548 a
703 4494 821 4550 relation
840 4503 858 4549 tr
1399 4491 1460 4544 vos
1474 4487 1514 4552 it*

427 4569 506 4641 leges
525 4587 629 4629 nomen
647 4578 818 4650 assumpsit'
836 4579 860 4634 D
1448 4583 1512 4628 statu
