3286 5144
194 421 310 490 Titan]
420 419 481 474 DE
502 417 729 476 EMPTIONE
749 419 810 473 ET
834 417 1107 476 VENDITIONE.
1275 429 1338 494 417

193 587 315 651 debere
334 605 371 650 se
393 584 566 668 scripserit,
582 584 672 667 quod
694 593 900 649 numeratum
923 584 953 649 ei
974 605 1040 649 non
1061 595 1119 662 est,
1142 585 1184 650 de
1204 588 1343 669 pecunia

194 689 331 754 minime
360 697 532 752 numerata
561 697 638 770 post
668 687 809 753 multum
839 688 998 770 temporis
1025 690 1255 772 exceptionem
1281 711 1342 773 op·

194 813 317 876 ponere
348 814 413 856 non
442 800 572 875 potest:
607 791 670 856 hoc
700 793 788 856 enim
819 791 1010 873 saepissime
1036 793 1252 858 constitutum
1280 803 1341 858 est.

195 898 241 960 sic
258 897 306 973 fit,
322 906 408 962 utet
425 896 534 972 hodie,
552 895 632 960 dum
647 896 739 979 queri
761 916 826 959 non
847 904 967 978 potest,
983 897 1143 979 scriptura
1157 897 1342 981 obligetur:

195 1009 230 1065 et
252 1021 297 1064 ex
319 1021 358 1066 ea
382 1001 527 1066 nascitur
547 994 720 1075 condictio,
744 1009 895 1064 cessante
918 1000 1043 1064 scilicet
1064 1001 1239 1066 verborum
1260 1001 1344 1066 obli·

195 1105 339 1186 gatione.
395 1103 536 1168 multum
564 1114 675 1168 autem
706 1113 838 1186 tempus
864 1102 897 1166 in
924 1103 987 1167 hac
1017 1105 1215 1186 exceptione
1244 1103 1344 1170 antea

195 1209 331 1290 quidem
366 1229 409 1271 ex
444 1208 679 1292 principalibus
715 1207 1003 1272 constitutionibus
1039 1229 1143 1291 usque
1177 1209 1220 1274 ad
1249 1209 1345 1292 quin·

195 1311 374 1394 quennium
397 1311 616 1393 procedebat:
641 1311 699 1375 sed
723 1325 765 1375 ne
787 1311 965 1376 creditores
985 1310 1107 1374 diutius
1129 1311 1257 1394 possint
1278 1313 1345 1376 suis

196 1414 341 1497 pecuniis
352 1413 486 1478 forsitan
497 1413 691 1494 defraudari,
701 1434 760 1497 per
771 1415 1040 1478 constitutionem
1051 1423 1198 1478 nostram
1213 1425 1344 1498 tempus

196 1527 380 1582 coartatum
411 1528 469 1593 est,
501 1527 538 1582 ut
568 1517 654 1583 ultra
683 1512 806 1582 biennii
837 1525 944 1582 metas
973 1513 1162 1583 huiusmodi
1189 1521 1345 1602 exceptio

197 1621 332 1686 minime
347 1623 557 1688 extendatur.

716 1700 835 1773 XXII.

498 1861 548 1912 DE
572 1852 762 1913 CONSENSU
786 1851 1048 1912 OBLIGATIONE.

242 1985 414 2051 Consensu
436 1985 520 2050 fiunt
540 1985 756 2068 obligationes
783 1984 816 2048 in
842 1985 1065 2067 emptionibus
1091 1983 1345 2058 venditionibus,

197 2091 416 2156 locationibus
455 2090 737 2166 conductionibus,
774 2088 996 2164 societatibus,
1031 2090 1204 2155 mandatis.
1264 2090 1374 2154 Ideol

198 2203 310 2258 autem
336 2194 407 2258 istis
436 2193 544 2257 modis
569 2213 729 2258 consensu
756 2192 875 2256 dicitur
900 2183 1060 2275 obligatio
1086 2193 1243 2268 contrahi,
1269 2195 1348 2276 quia

200 2317 307 2380 neque
332 2297 492 2380 scriptura
514 2312 620 2379 neque
640 2297 826 2379 praesentia
845 2296 1038 2360 omnimodo
1058 2317 1141 2378 opus
1162 2306 1220 2374 est,
1246 2317 1285 2361 ac
1305 2318 1347 2360 ne

152 2402 155 2408 '
200 2400 270 2464 dari
294 2401 475 2483 quidquam
499 2420 633 2482 necesse
653 2409 715 2476 est,
738 2408 775 2464 ut
798 2399 1017 2463 substantiam
1044 2401 1152 2482 capiat
1179 2399 1348 2483 obligatio,

200 2504 258 2568 sed
301 2503 421 2568 sufficit
456 2524 513 2568 eos
547 2504 604 2586 qui
640 2503 810 2585 negotium
847 2511 966 2585 gerunt
996 2503 1186 2568 consentire.
1247 2504 1378 2568 Unde2

199 2607 284 2671 inter
306 2607 459 2672 absentes
482 2629 614 2690 quoque
636 2607 718 2673 talia
742 2607 876 2690 negotia
898 2606 1141 2682 contrahuntur,
1165 2606 1267 2672 veluti
1290 2629 1349 2691 per

200 2708 375 2791 epistulam
396 2720 454 2774 aut
475 2731 536 2793 per
558 2712 720 2775 nuntium.
774 2709 861 2774 Item
884 2711 918 2773 in
944 2711 995 2773 his
1021 2711 1243 2776 contractibus
1266 2711 1379 2779 altera

199 2813 293 2878 alteri
315 2813 481 2897 obligatur
503 2815 536 2877 in
559 2814 600 2889 id,
625 2814 715 2897 quod
739 2814 878 2877 alterum
901 2813 995 2878 alteri
1011 2834 1056 2877 ex
1077 2813 1166 2879 bono
1189 2823 1222 2878 et
1241 2836 1349 2897 aequo

199 2928 366 3000 praestare
396 2927 537 3001 oportet,
567 2939 642 2984 cum
669 2919 815 3001 alioquin
840 2920 873 2982 in
896 2918 1071 2983 verborum
1094 2919 1350 3002 obligationibus

199 3020 283 3086 alius
297 3021 479 3104 stipuletur,
494 3021 577 3088 alius
592 3023 776 3106 promittat.

708 3175 843 3250 XXIII.

472 3327 523 3378 22
546 3327 739 3378 anemone
761 3325 810 3376 Ετ
831 3327 1075 3380 vsummone..

245 3453 383 3538 Emptio
416 3461 450 3517 et
492 3452 639 3516 venditio
675 3449 887 3529 contrahitur,
930 3452 1129 3537 simulatque
1165 3453 1208 3520 de
1244 3455 1352 3540 pretio

237 3623 378 3695 Justinian
391 3625 512 3680 enacted
526 3623 564 3694 (1)
577 3625 639 3678 that
654 3624 692 3677 all
705 3619 888 3677 intercession
901 3624 940 3693 by
952 3640 970 3678 a
982 3641 1092 3678 woman
1105 3625 1207 3680 should
1219 3625 1256 3680 be
1269 3625 1352 3681 abso·

200 3709 288 3779 lutely
305 3707 372 3763 void
390 3709 486 3763 unless
504 3707 657 3778 expressed
679 3705 707 3761 in
727 3723 745 3762 a
763 3705 916 3762 document
936 3708 1059 3762 attested
1076 3709 1116 3779 by
1134 3718 1163 3763 at
1181 3709 1253 3764 least
1271 3710 1352 3766 three

201 3791 356 3858 witnesses,
376 3791 446 3846 Cod
463 3805 488 3857 4
503 3805 546 3860 29.
559 3805 603 3858 23.
616 3805 651 3858 2;
670 3790 719 3844 the
737 3787 901 3859 exceptions
920 3789 1011 3844 which
1030 3791 1088 3846 had
1106 3791 1267 3862 previously
1284 3791 1352 3848 held

201 3894 274 3931 vere
287 3875 343 3930 still
356 3874 531 3944 recognised,
545 3873 568 3928 ii
583 3873 639 3930 this
652 3874 724 3928 iorm
738 3889 795 3928 was
808 3873 957 3942 observed,
970 3874 1078 3944 though
1091 3874 1127 3930 its
1140 3873 1282 3946 necessity
1294 3892 1352 3931 was

201 3959 355 4031 dispensed
368 3958 434 4013 with
444 3959 536 4014 where
546 3959 595 4013 the
605 3957 770 4012 intercessio
781 3973 838 4011 was
848 3957 933 4012 made
942 3957 985 4011 lor
994 3959 1123 4013 valuable
1133 3957 1351 4029 consideration,

201 4059 234 4098 or
246 4043 275 4098 in
288 4043 336 4098 the
349 4041 497 4097 marteres
511 4058 529 4096 a
542 4041 603 4110 dos,
617 4041 687 4096 Cod
701 4041 754 4095 loc.
767 4039 814 4095 cit.
827 4055 871 4106 24.
885 4054 928 4110 ²5·
966 4041 1004 4110 (2)
1024 4043 1100 4096 That
1117 4043 1155 4097 211
1167 4041 1352 4098 intercession

201 4127 240 4197 by
249 4144 268 4180 2
276 4125 338 4180 vile
351 4142 389 4179 on
400 4125 501 4180 behali
509 4125 541 4180 oi
550 4126 601 4179 her
612 4124 753 4191 husband,
763 4123 830 4178 with
841 4125 920 4180 aiew
930 4125 1101 4197 exceptions,
1113 4127 1215 4181 should
1227 4125 1264 4180 be
1276 4124 1352 4196 void,

202 4227 273 4265 even
295 4209 403 4278 though
422 4209 471 4264 the
491 4209 564 4263 form
588 4207 752 4280 prescribed
770 4205 799 4262 in
819 4209 901 4265 other
922 4227 1003 4265 cases
1025 4227 1098 4266 were
1116 4209 1258 4282 complied
1276 4208 1353 4278 with,

202 4294 277 4348 Nov.
294 4306 351 4359 134.
365 4293 391 4347 8.

236 4379 297 4432 Ἧι
315 4377 406 4430 m.
438 4377 525 4446 Upon
554 4375 603 4432 the
631 4375 740 4446 subject
771 4375 805 4431 oi
830 4375 921 4432 literal
951 4385 1078 4433 contract
1109 4375 1138 4431 in
1163 4377 1278 4447 general
1304 4392 1353 4432 see

203 4461 347 4516 Excursus
366 4459 452 4528 Vlll,
471 4469 500 4514 at
518 4461 567 4514 the
586 4459 642 4514 end
661 4459 694 4513 oi
708 4459 765 4514 this
785 4459 874 4515 Book.

237 4547 297 4600 mr.
311 4545 437 4600 xxm
462 4543 565 4602 Before
576 4543 717 4614 Justinian
736 4559 800 4598 arra
818 4561 850 4598 or
868 4553 979 4600 eamest
997 4543 1171 4678 222κῶιωί
1183 4543 1256 4602 been
1268 4541 1352 4616 given

747 4640 811 4692 Ee
