3286 5144
289 383 354 444 404
492 373 842 430 Jrvsrrauvrorvurr
859 373 979 428 aran]
998 373 1233 446 QUATTUOR.
1320 375 1385 442 [nn
1396 381 1443 430 111.

290 539 547 622 obligationibus
572 539 741 614 adiciatur,
772 537 853 602 nihil
879 539 968 604 valet
995 539 1173 623 stipulatio.
1227 540 1441 624 impossibilis

290 654 402 709 autem
432 644 581 708 condicio
610 643 761 718 habetur,
788 643 840 706 cui
871 654 987 708 natura
1013 644 1252 727 impedimento
1284 655 1342 725 est,
1373 667 1441 728 quo

290 751 398 813 minus
423 749 555 824 existat,
579 747 681 813 veluti
708 747 735 810 si
762 747 836 829 quis
865 747 912 812 ita
942 749 1083 814 dixerit:
1108 750 1152 813 ‘si
1176 749 1281 833 digito
1312 749 1440 814 caelum

289 853 439 936 attigero,
454 853 532 916 dare
552 847 736 934 spondes?'
758 861 794 915 at
816 852 844 915 si
860 851 906 915 ita
925 853 1108 936 stipuletur,
1124 854 1171 917 ‘si
1187 854 1291 937 digito
1310 852 1440 918 caelum

289 977 355 1019 non
374 957 524 1040 attigero
542 957 621 1020 dare
644 953 827 1037 spondesi’
853 975 933 1038 pure
954 955 1041 1020 facta
1062 956 1222 1038 obligatio
1238 953 1440 1039 intellegitur

242 1070 275 1125 12
289 1062 430 1143 ideoque
450 1061 562 1124 statim
582 1070 695 1143 petere
716 1069 836 1142 potest.
883 1061 969 1124 Item
988 1061 1162 1126 verborum
1179 1061 1338 1144 obligatio
1355 1061 1439 1125 inter

288 1163 442 1228 absentes
458 1172 618 1245 concepta
638 1162 761 1227 inutilis
781 1171 841 1227 est.
878 1164 936 1227 sed
957 1184 1033 1227 curn
1055 1164 1119 1228 hoc
1142 1167 1313 1229 materiam
1330 1165 1437 1228 litium

287 1267 501 1331 contentiosis
529 1266 718 1331 hominibus
748 1267 947 1349 praestabat,
974 1268 1059 1333 sorte
1088 1278 1165 1351 post
1191 1279 1324 1353 tempus
1353 1270 1437 1334 tales

287 1370 503 1454 allegationes
525 1370 769 1454 opponentibus
792 1380 826 1435 et
850 1393 916 1436 non
939 1383 1131 1455 praesentes
1154 1395 1225 1438 esse
1248 1375 1300 1438 vel
1322 1395 1359 1438 se
1383 1373 1437 1438 vel

285 1475 490 1539 adversarios
524 1495 601 1539 suos
640 1477 939 1540 contendentibus:
978 1477 1053 1540 ideo
1094 1487 1206 1542 nostra
1244 1480 1436 1544 constitutio

285 1589 421 1661 propter
435 1578 636 1643 celeritatem
652 1580 909 1643 dirimendarum
926 1579 1034 1644 litium
1055 1581 1242 1646 introducta
1258 1593 1318 1656 est,
1335 1603 1436 1666 quarn

285 1684 327 1747 ad
346 1681 583 1747 Caesareenses
601 1683 780 1747 advocatos
801 1685 997 1768 scripsimus,
1014 1705 1073 1768 per
1093 1706 1193 1768 quam
1215 1687 1436 1769 disposuimus

285 1786 369 1852 tales
389 1787 574 1869 scripturas
593 1807 677 1868 quae
698 1798 831 1870 praesto
850 1809 921 1852 esse
941 1799 1051 1870 partes
1072 1789 1226 1869 indicant,
1242 1792 1435 1855 omnimodo

285 1912 356 1955 esse
379 1891 571 1966 credendas,
595 1891 655 1954 nisi
679 1890 758 1974 ipse,
780 1891 837 1974 qui
861 1892 983 1956 talibus
1006 1893 1109 1956 utitur
1131 1893 1290 1976 improbis
1312 1895 1435 1978 allega·

284 1995 438 2071 tionibus,
454 1993 728 2058 manifestissimis
747 1994 997 2076 probationibus
1017 1995 1070 2060 vel
1090 2017 1150 2079 per
1169 1999 1364 2080 scripturam
1382 1998 1434 2063 vel

283 2119 342 2181 per
368 2108 470 2164 testes
500 2098 637 2162 idoneos
664 2099 895 2182 approbaverit
925 2101 958 2162 in
986 2101 1058 2183 ipso
1084 2109 1157 2164 toto
1183 2102 1238 2166 die
1264 2123 1331 2186 quo
1357 2124 1435 2167 con-

283 2204 453 2268 ficiebatur
477 2204 731 2267 instrumentum
756 2225 829 2268 sese
852 2205 906 2270 vel
932 2205 1155 2269 adversarium
1182 2227 1277 2270 suum
1303 2209 1336 2270 in
1362 2207 1434 2272 aliis

236 2307 363 2373 1310cis
386 2328 467 2372 esse.
512 2305 592 2370 Post
615 2317 756 2370 mortem
781 2327 875 2370 suam
899 2306 970 2370 dari
994 2307 1056 2370 sibi
1082 2327 1180 2370 nemo
1203 2307 1352 2388 stipulari
1374 2329 1434 2392 po-

281 2420 376 2487 terat,
394 2431 460 2475 non
476 2411 582 2492 magis
604 2431 705 2492 quam
728 2418 805 2493 post
827 2412 897 2474 eius
921 2420 1062 2474 mortem
1081 2431 1101 2473 a
1121 2432 1187 2493 quo
1203 2411 1431 2493 stipulabatur.

280 2535 320 2578 ac
353 2536 394 2578 ne
424 2516 460 2593 is,
486 2513 542 2596 qui
573 2514 606 2577 in
638 2513 776 2577 alicuius
805 2524 973 2596 potestate
1000 2523 1058 2590 est,
1086 2523 1162 2597 post
1193 2525 1334 2579 mortem
1365 2517 1434 2580 eius

282 2616 429 2699 stipulari
452 2625 590 2700 poterat,
615 2618 692 2699 quia
718 2619 822 2700 patris
847 2618 900 2682 vel
925 2618 1051 2682 domini
1079 2639 1160 2682 voce
1183 2617 1273 2702 loqui
1293 2619 1432 2684 videtur.

281 2722 339 2785 sed
355 2731 389 2785 et
408 2722 436 2784 si
456 2721 530 2802 quis
553 2721 599 2784 ita
614 2720 798 2803 stipuletur,
815 2722 938 2805 ‘pridie
961 2741 1061 2804 quam
1078 2720 1213 2786 moriar'
1236 2722 1289 2786 vel
1310 2723 1433 2806 ‘pridie

281 2847 381 2908 quam
406 2823 552 2888 morieris
578 2821 690 2888 daril’
712 2824 837 2889 inutilis
862 2835 933 2891 erat
962 2826 1142 2908 stipulatio,
1196 2828 1254 2891 sed
1282 2849 1369 2904 cum,
1396 2838 1433 2892 ut

280 2930 347 2992 iam
375 2925 508 2992 'dictum
542 2936 601 3006 est,
632 2949 676 2991 ex
710 2948 869 2992 consensu
901 2930 1169 2996 ‘contrahentium
1205 2933 1432 3015 stipulationes

280 3032 400 3112 valent,
424 3031 548 3114 placuit
577 3032 672 3095 nobis
699 3031 799 3095 etiam
830 3034 862 3096 in
892 3033 979 3098 hunc
1010 3035 1087 3097 iuris
1116 3036 1291 3100 articulum
1322 3057 1433 3102 neces-

280 3247 418 3317 positions
432 3263 480 3302 see
493 3264 530 3301 on
544 3247 596 3302 Bk.
610 3247 636 3301 ii.
654 3261 692 3313 14.
711 3263 742 3301 10
755 3264 830 3317 supr.
866 3249 892 3301 A
905 3248 1050 3304 condition
1067 3250 1091 3306 is
1108 3249 1273 3320 impossible
1287 3251 1326 3321 (ι)
1341 3252 1431 3308 which

280 3340 385 3385 cannot
398 3329 456 3386 and
468 3347 554 3386 never
567 3329 650 3384 could
663 3331 736 3384 have
748 3330 821 3385 been
835 3330 959 3402 fulfilled,
972 3332 1039 3404 quia
1055 3343 1157 3388 natura
1171 3333 1376 3404 impedimento
1388 3346 1431 3390 est

281 3414 421 3482 (absolute
429 3413 557 3484 physical
565 3412 1131 3487 impossibility),orwhichcontemplates
1139 3419 1432 3474 thenon-occurrence

280 3499 313 3552 of
322 3499 369 3553 the
382 3514 541 3567 necessary,
554 3515 579 3553 e.
588 3515 614 3568 g.
628 3498 651 3552 si
665 3515 810 3569 nunquam
824 3499 928 3554 moriar
940 3517 947 3568 ;
967 3517 999 3554 or
1013 3499 1051 3570 (2)
1065 3500 1157 3555 which
1169 3501 1259 3571 might
1272 3503 1345 3558 have
1358 3503 1431 3558 been

279 3582 396 3636 fulfilled
408 3581 499 3636 under
511 3582 592 3636 other
604 3581 834 3650 circumstances,
847 3583 898 3637 but
915 3601 978 3638 now
992 3593 1104 3652 cannot,
1117 3585 1160 3638 for
1172 3585 1220 3640 the
1238 3602 1317 3640 same
1330 3603 1431 3642 reason

280 3664 407 3730 (relative
422 3664 550 3736 physical
570 3664 790 3734 impossibility),
804 3683 836 3720 or
849 3665 889 3734 (3)
903 3667 951 3722 the
970 3667 1118 3722 fulfilment
1134 3668 1167 3722 of
1180 3668 1271 3722 which
1285 3669 1308 3724 is
1327 3669 1431 3740 impos·

280 3747 351 3804 sible
363 3759 412 3803 not
432 3749 470 3818 by
484 3758 583 3803 nature
602 3748 652 3803 but
671 3749 709 3818 by
722 3749 775 3803 law
793 3749 812 3819 (‘
821 3749 868 3804 ubi
887 3750 1003 3804 omnino
1020 3751 1151 3806 condicio
1168 3751 1227 3806 iure
1245 3753 1354 3823 impleri
1374 3771 1431 3810 non

278 3841 372 3900 potest
392 3833 436 3886 vel
455 3831 484 3886 id
502 3831 595 3886 facere
613 3831 639 3885 ei
658 3849 715 3886 non
735 3831 827 3901 liceat,
846 3831 948 3888 nullius
971 3835 1107 3889 momenti
1130 3836 1189 3890 fore
1210 3836 1430 3909 stipulationem,

278 3913 398 3984 proinde
416 3932 450 3969 ac
467 3914 491 3968 si
514 3931 549 3968 ea
568 3913 707 3982 condicio,
728 3931 801 3985 quae
821 3925 922 3970 natura
945 3915 1127 3987 impossibilis
1146 3929 1197 3987 est,
1217 3919 1323 3974 inserta
1341 3923 1431 3977 esset’

279 3997 403 4068 Dig.45.
420 4013 440 4052 1.
459 4011 515 4065 137.
529 3996 566 4066 6),
585 4013 617 4050 or
635 3996 674 4065 by
691 3997 811 4067 positive
830 3999 969 4069 morality‚
983 3998 997 4070 ξ
1013 4015 1047 4068 24
1060 4001 1107 4056 inf.
1145 4003 1171 4056 Α
1191 4002 1353 4073 stipulation
1373 4023 1430 4061 was

278 4080 417 4152 regarded
435 4097 467 4135 as
490 4080 574 4150 ‘pure
596 4079 686 4134 facta’
707 4091 757 4135 not
778 4083 845 4151 only
864 4081 889 4136 if
906 4083 954 4138 the
977 4083 1122 4138 condition
1141 4102 1198 4140 was
1224 4103 1375 4157 necessary
1393 4089 1430 4157 by

278 4176 377 4220 nature
393 4165 427 4234 (e.
435 4181 461 4232 g.
476 4163 499 4218 si
513 4162 602 4233 digito
615 4165 725 4219 caelum
738 4182 795 4220 non
809 4165 949 4237 attigero),
963 4166 1013 4223 but
1026 4169 1087 4223 also
1101 4167 1125 4222 if
1134 4167 1154 4224 it
1168 4186 1225 4224 was
1239 4187 1390 4241 necessary
1401 4171 1429 4226 in

277 4249 339 4317 law,
354 4247 420 4318 Dig.
434 4248 475 4302 28.
491 4260 514 4314 7.
529 4261 571 4302 20.
585 4264 629 4317 pr.

313 4333 388 4400 §15³⁸
408 4333 463 4387 See
480 4341 547 4388 note
563 4348 600 4386 on
615 4329 670 4386 Tit.
687 4343 725 4402 15.
743 4347 754 4386 1
770 4347 844 4402 supr.
881 4333 944 4389 The
963 4333 1147 4390 constitution
1166 4337 1291 4393 referred
1310 4347 1339 4394 to
1359 4336 1382 4392 is
1401 4337 1428 4394 in

279 4415 349 4470 Cod.
363 4415 387 4470 8.
402 4415 445 4483 38.
462 4429 501 4482 14.

313 4499 327 4565 §
342 4500 386 4553 13.
405 4500 433 4552 A
445 4497 609 4568 stipulation
622 4498 665 4554 for
677 4515 857 4570 couveyance
870 4508 900 4556 to
916 4517 971 4557 one
988 4500 1061 4558 after
1071 4504 1150 4559 one’s
1167 4503 1254 4560 death
1268 4504 1291 4560 is
1305 4503 1333 4560 in
1346 4504 1429 4562 effect
