3274 5152
272 385 336 452 286
476 395 551 450 INS
553 394 625 449 TIT
627 393 827 450 UTIONUM
845 394 964 450 LIBRI
983 395 1218 466 QUATTUOR.
1311 395 1376 462 [Lib.
1388 401 1424 452 11.

273 569 324 624 est
340 582 416 624 eum
436 559 669 640 manumiserit,
685 569 816 624 tenetur
835 559 940 636 heres,
957 561 1107 644 quamvis
1128 561 1326 644 ignoraverit
1345 582 1367 624 a
1386 580 1423 623 se

274 685 349 728 eum
365 665 512 748 legatum
529 685 610 729 esse.
656 663 692 728 Si
713 665 786 747 quis
804 664 941 728 ancillas
959 684 1035 728 cum
1056 665 1123 728 suis
1146 665 1231 729 natis
1252 665 1422 747 legaverit,

274 770 405 832 etiamsi
426 769 566 833 ancillae
585 777 736 832 mortuae
755 768 885 844 fuerint,
902 778 1014 851 partus
1030 769 1140 850 legato
1156 769 1287 833 cedunt.
1333 769 1423 832 idem

274 883 333 947 est,
350 873 377 934 si
393 872 547 935 ordinarii
562 873 646 935 servi
663 892 737 935 cum
751 873 877 936 vicariis
892 871 993 954 legati
1009 871 1137 946 fuerint,
1151 881 1196 949 ut,
1207 872 1285 936 licet
1301 873 1422 936 mortui

227 983 260 1034 17
274 975 339 1038 sint
355 975 517 1049 ordinarii,
534 984 647 1038 tamen
662 975 772 1039 vicarii
792 975 903 1058 legato
927 976 1055 1040 cedant.
1101 977 1159 1038 sed
1175 975 1202 1039 si
1218 995 1331 1038 servus
1346 995 1422 1038 cum

273 1079 404 1161 peculio
420 1079 517 1142 fuerit
532 1079 670 1162 legatus
685 1089 816 1144 mortuo
826 1101 921 1145 servo
932 1079 984 1144 vel
998 1080 1200 1144 manumisso
1211 1080 1263 1143 vel
1278 1080 1423 1143 alienato

274 1193 308 1247 et
323 1183 441 1265 peculii
458 1183 604 1266 legatum
621 1184 834 1267 extinguitur.
880 1187 968 1249 idem
984 1194 1043 1260 est,
1060 1186 1087 1248 si
1108 1184 1228 1248 fundus
1246 1185 1423 1248 instructus

273 1286 326 1349 vel
350 1307 425 1350 cum
449 1287 667 1351 instrumento
693 1287 822 1371 legatus
845 1289 964 1352 fuerit:
995 1307 1073 1352 nam
1097 1289 1198 1352 fundo
1222 1287 1366 1352 alienato
1388 1297 1423 1351 et

228 1398 261 1452 18
274 1392 482 1456 instrumenti
498 1391 646 1474 legatum
663 1393 875 1476 extinguitur.
923 1392 959 1458 Si
976 1413 1059 1476 grex
1076 1393 1316 1476 legatusfuerit
1332 1401 1423 1474 post·

274 1515 379 1577 eaque
402 1495 445 1558 ad
470 1503 581 1558 unam·
596 1516 692 1559 ovem
717 1497 912 1579 pervenerit,
934 1497 1023 1578 quod
1047 1496 1243 1578 superfuerit
1264 1495 1423 1560 vindicari

274 1609 396 1683 potest.
440 1597 550 1681 Grege
573 1609 685 1664 autem
706 1599 819 1682 legato
835 1601 935 1665 etiam
954 1621 1010 1664 eas
1025 1621 1112 1675 oves,
1129 1619 1214 1681 quae
1230 1609 1307 1680 post
1321 1607 1423 1662 testa·

275 1713 425 1767 mentum
444 1702 568 1766 factum
591 1705 682 1787 gregi
704 1706 900 1782 adiciuntur,
916 1705 1028 1787 legato
1049 1706 1165 1769 cedere
1189 1704 1335 1768 Iulianus
1358 1704 1422 1768 ait:

275 1828 347 1871 esse
363 1808 451 1870 enim
466 1808 574 1890 gregis
596 1829 697 1871 unum
719 1829 838 1891 corpus
859 1829 903 1873 ex
925 1809 1124 1872 distantibus
1140 1809 1311 1890 capitibus
1328 1807 1423 1872 sicuti

228 1921 262 1976 19
275 1911 406 1975 aedium
422 1931 524 1975 unum
540 1931 658 1994 corpus
674 1922 724 1976 est
745 1933 789 1976 ex
812 1912 1064 1977 cohaerentibus
1079 1911 1263 1993 lapidibus:
1286 1911 1423 1974 aedibus

276 2017 419 2097 denique
435 2016 553 2098 legatis
569 2015 739 2080 columnas
755 2025 790 2081 et
806 2037 979 2094 marmora,
995 2036 1080 2098 quae
1096 2025 1172 2098 post
1187 2024 1423 2080 testamentum

275 2118 399 2184 factum
429 2120 559 2184 adiecta
589 2130 674 2198 sunt,
700 2120 810 2203 legato
840 2121 967 2185 cedere.
1014 2118 1050 2185 Si
1081 2119 1247 2201 peculium
1276 2118 1424 2201 legatum

227 2223 382 2300 20fuerit,
409 2224 479 2288 sine
506 2225 606 2288 dubio
630 2225 791 2307 quidquid
818 2225 946 2308 peculio
969 2225 1098 2288 accedit
1120 2223 1171 2288 vel
1199 2223 1331 2288 decedit
1350 2225 1424 2286 vivo

275 2336 444 2402 testatore,
462 2326 610 2410 legatarii
630 2327 720 2391 lucro
735 2328 787 2392 vel
810 2329 933 2392 damno
953 2338 1012 2392 est.
1048 2327 1167 2409 quodsi
1186 2336 1263 2409 post
1284 2337 1424 2390 mortem

275 2432 442 2496 testatoris
458 2441 536 2495 ante
551 2432 678 2496 aditam
694 2432 913 2496 hereditatem
930 2452 1041 2496 servus
1059 2431 1259 2513 adquisierit,
1278 2429 1425 2494 Iulianus

311 2681 325 2752 ξ
339 2684 382 2740 17.
402 2683 464 2736 The
477 2679 638 2752 opposition
657 2680 690 2736 of
698 2678 856 2735 ordinarius
869 2689 899 2734 to
911 2679 1008 2735 vicarii
1025 2681 1098 2736 servi
1117 2680 1140 2736 is
1153 2681 1242 2738 found
1259 2681 1287 2736 in
1302 2681 1368 2750 Dig.
1385 2695 1423 2748 14

274 2781 301 2833 4.
317 2779 338 2835 5.
356 2781 389 2832 13
411 2777 448 2834 15.
466 2781 487 2819 1.
505 2779 544 2832 17,
557 2764 593 2818 ib.
612 2779 649 2833 19.
664 2781 704 2834 pr.
742 2764 805 2818 The
820 2764 924 2818 former
936 2781 993 2818 was
1006 2781 1024 2818 a
1036 2765 1114 2819 slave
1126 2764 1245 2834 holding
1261 2782 1341 2819 some
1357 2764 1425 2818 defi-

275 2848 334 2904 nite
350 2858 413 2918 post
433 2848 461 2902 in
473 2847 525 2902 ¹his
544 2848 671 2902 master’s
690 2847 856 2915 household,
874 2847 923 2902 the
941 2847 1025 2902 latter
1041 2865 1114 2902 were
1132 2847 1177 2902 his
1195 2847 1354 2916 assistants,
1368 2847 1426 2901 and

275 2932 385 3001 usually
403 2931 513 2986 formed
530 2939 593 3000 part
613 2930 646 2984 of
659 2929 704 2984 his
726 2929 884 3000 peculium:
910 2929 939 2984 in
958 2931 1023 2999 fact,
1041 2947 1059 2985 a
1084 2933 1162 2986 slave
1183 2932 1260 2986 often
1281 2931 1390 3001 bought
1408 2946 1427 2986 a

275 3015 396 3070 vicarius
415 3013 482 3070 with
504 3023 567 3084 part
588 3013 621 3068 of
635 3013 679 3067 bis
701 3013 842 3083 peculium
860 3023 890 3068 to
909 3013 1015 3082 lighten
1038 3013 1081 3069 his
1099 3031 1162 3068 own
1181 3014 1282 3083 duties,
1303 3015 1425 3083 Horace,

277 3100 335 3154 Sat.
351 3114 374 3153 2.
388 3111 414 3165 7.
427 3109 477 3168 79;
496 3098 539 3151 for
550 3098 599 3151 the
612 3097 702 3152 whole
715 3095 824 3166 subject
837 3115 862 3150 v.
876 3097 1007 3151 Becker's
1022 3098 1129 3154 Gallus.

313 3183 370 3236 For
387 3182 436 3236 the
454 3179 605 3235 difference
623 3181 751 3235 between
773 3178 925 3235 instructus
944 3180 1001 3234 and
1020 3197 1084 3235 cum
1104 3180 1290 3237 instrumento
1309 3182 1344 3237 cf.
1360 3181 1427 3251 Dig.

277 3281 320 3335 33.
334 3279 357 3333 7.
375 3281 414 3320 12.
428 3279 461 3332 27
475 3265 553 3336 ‘plus
566 3281 638 3332 esse,
651 3281 715 3319 cum
734 3255 886 3319 instructus
904 3264 1008 3318 fundus
1025 3265 1141 3334 legetur,
1155 3283 1240 3336 quam
1258 3265 1281 3319 si
1301 3282 1366 3319 cum
1385 3265 1426 3319 in·

277 3359 448 3406 strumento:
462 3390 469 3405 .
484 3389 491 3403 .
505 3387 512 3403 .
525 3348 630 3416 omnia,
649 3365 722 3420 quae
740 3365 775 3402 eo
790 3349 894 3403 collata
913 3357 987 3417 sunt,
1006 3359 1036 3402 ut
1055 3348 1217 3404 instructior
1238 3357 1314 3402 esset
1333 3358 1427 3418 pater·

277 3432 408 3500 familias,
420 3431 557 3487 instructo
574 3430 728 3500 contineri,'
740 3430 778 3486 ib.
791 3448 832 3501 pr.
846 3429 1080 3486 ‘instrumentum
1098 3430 1201 3502 [fundi]
1215 3441 1258 3486 est
1274 3443 1427 3502 apparatus

277 3533 370 3572 rerum
389 3515 493 3572 diutius
513 3532 717 3584 mansurarum,
730 3515 791 3570 sine
809 3515 911 3585 quibus
929 3515 1051 3570 exerceri
1072 3515 1199 3586 nequiret
1215 3515 1376 3585 possessio,’
1388 3515 1425 3571 ib.

281 3600 320 3656 16.
333 3616 375 3669 pr.
396 3599 483 3654 ‘inter
504 3599 721 3654 instrumentum
743 3607 771 3652 et
796 3607 994 3652 ornamentum
1016 3598 1136 3652 multum
1158 3597 1303 3666 interesse,
1326 3598 1427 3653 instru-

277 3683 365 3738 menti
378 3684 454 3738 enim
467 3699 502 3737 ea
514 3699 585 3749 esse,
596 3698 668 3751 quae
681 3681 718 3736 ad
731 3681 848 3736 tutelam
861 3681 962 3735 domus
980 3681 1160 3750 pertinerent,
1173 3681 1341 3751 ornamenti,
1355 3697 1428 3752 quae

276 3766 315 3820 ad
327 3765 518 3834 voluptatem'
556 3765 635 3818 Thus
649 3763 881 3818 ‘instrumentum
900 3763 1032 3818 involved
1050 3765 1099 3818 the
1118 3764 1183 3819 idea
1198 3765 1231 3818 of
1245 3781 1263 3819 a
1281 3781 1381 3820 means
1397 3775 1428 3818 to

277 3866 315 3902 an
328 3848 393 3914 end,
405 3849 455 3901 but
474 3847 535 3901 that
548 3845 605 3900 end
617 3863 675 3900 was
691 3855 721 3900 to
734 3856 781 3915 get
800 3846 848 3900 the
865 3863 915 3901 use
934 3846 966 3900 of
975 3847 1023 3901 the
1042 3847 1125 3915 land;
1144 3847 1164 3903 it
1184 3849 1234 3903 did
1246 3858 1295 3902 not
1315 3847 1428 3902 include

279 3929 436 3984 household
449 3929 592 3983 fumiture.
619 3929 735 3984 Fundus
749 3929 909 3998 instructus,
919 3931 1055 4000 although
1068 3931 1147 3986 there
1160 3948 1218 3986 was
1231 3949 1310 3986 some
1320 3930 1429 4000 variety

278 4012 310 4066 of
320 4011 435 4083 opinion
455 4028 491 4064 on
505 4013 553 4065 the
572 4011 689 4080 subject,
702 4029 794 4067 seems
814 4022 843 4066 to
862 4013 934 4068 have
953 4013 1026 4068 been
1045 4013 1213 4070 considered
1232 4031 1263 4069 as
1284 4013 1429 4084 including

279 4106 329 4150 not
353 4095 421 4164 only
439 4093 663 4164 instrumentum,
685 4095 735 4151 but
760 4096 926 4166 everything
950 4097 1089 4167 prepared
1114 4098 1157 4152 for
1178 4099 1226 4153 the
1252 4098 1371 4152 comfort
1396 4114 1429 4150 or

278 4182 408 4250 pleasure
427 4177 460 4231 of
474 4178 522 4232 the
539 4193 641 4232 owner.
679 4180 754 4233 Such
767 4196 785 4234 a
797 4179 904 4249 legacy,
918 4181 1065 4250 therefore,
1079 4180 1206 4236 includes
1224 4183 1274 4236 the
1292 4181 1429 4236 fumiture

278 4264 311 4318 of
328 4263 376 4318 the
397 4261 566 4331 farmhouse
588 4261 636 4318 the
657 4262 773 4332 clothes,
795 4263 871 4333 gold,
892 4263 984 4334 silver,
1005 4263 1087 4331 wine,
1106 4265 1164 4319 and
1184 4265 1302 4320 utensils
1327 4264 1359 4319 of
1380 4265 1429 4320 the

279 4357 405 4416 testator,
424 4347 485 4402 also
504 4347 552 4402 the
571 4346 710 4402 domestic
729 4349 829 4412 slaves,
848 4347 896 4402 the
915 4348 1006 4403 books
1028 4348 1085 4403 and
1106 4347 1220 4419 library,
1238 4350 1289 4404 but
1309 4357 1359 4404 not
1379 4348 1429 4403 the

278 4448 348 4503 crop
360 4430 447 4501 ready
459 4432 502 4486 for
514 4431 562 4488 the
575 4431 701 4488 market.’
739 4433 858 4500 Hunter,
872 4432 985 4486 Roman
999 4433 1065 4487 Law
1077 4449 1105 4502 p.
1119 4445 1178 4500 723

316 4513 330 4587 ξ
344 4518 395 4570 20.
415 4514 485 4571 Dies
498 4514 572 4572 cedit
585 4515 681 4572 marks
694 4515 743 4572 the
756 4526 1000 4574 commencement
1018 4516 1050 4571 of
1062 4533 1080 4570 a
1094 4515 1178 4588 right,
1190 4533 1223 4572 or
1235 4516 1284 4572 the
1301 4525 1429 4571 moment
