3286 5144
186 384 236 435 Tit.
251 377 287 444 a]
326 376 389 430 DE
402 371 616 438 LEGITIMA
633 371 782 427 ADGNA
789 372 815 426 T
815 371 936 428 ORUM
946 373 971 428 S
975 372 1239 432 UCCESSIONE.
1276 379 1338 452 347

183 542 387 606 intestatum
411 536 601 604 decessisse.
649 538 711 601 Per
736 537 949 620 adoptionem
978 558 1108 621 quoque
1133 538 1370 620 adgnationis2

133 677 137 684 ·
184 645 235 710 ius
263 644 427 720 consistit,
451 643 554 707 veluti
579 641 665 706 inter
690 642 774 706 filios
804 641 968 706 naturales
997 651 1031 706 et
1060 663 1116 706 eos
1141 663 1224 724 quos
1247 652 1341 724 pater

184 769 303 814 eorum
327 747 502 829 adoptavit
525 743 600 832 (nec
623 746 761 810 dubium
779 755 838 822 est,
857 747 935 829 quin
957 747 1087 830 proprie
1108 747 1340 829 consanguinei

183 847 432 936 appellentur):
470 851 551 914 item
583 849 611 913 si
637 849 710 932 quis
740 871 785 913 ex
814 849 929 914 ceteris
958 849 1110 932 adgnatis
1139 849 1212 923 tuis,
1238 848 1340 914 veluti

185 955 290 1022 irater
319 964 379 1020 aut
410 961 547 1039 patruus
574 962 632 1018 aut
662 953 806 1037 denique
836 954 862 1016 is
892 953 948 1036 qui
973 953 1120 1036 longiore
1148 954 1251 1036 gradu
1283 963 1341 1033 est,

173 1061 337 1143 'aliquem
359 1057 578 1140 adoptaverit,
594 1057 759 1139 adgnatos
781 1058 866 1120 inter
883 1076 960 1120 suos
983 1077 1055 1121 esse
1077 1077 1142 1120 non
1165 1057 1342 1124 dubitatur.

189 1163 352 1229 Ceterum
380 1161 466 1226 inter
491 1160 656 1225 masculos
684 1161 820 1244 quidem
850 1161 1059 1243 adgnatiouis
1085 1162 1152 1226 iure
1175 1161 1372 1227 hereditasti

187 1267 294 1332 etiarn
324 1265 518 1348 longissimo
555 1263 660 1348 gradu
690 1265 777 1328 ultro
814 1265 961 1347 citroque
993 1265 1129 1348 capitur.
1182 1266 1271 1348 quod
1297 1265 1341 1330 ad

185 1370 330 1434 seminas
359 1388 438 1432 vero
476 1368 523 1432 ita
559 1366 722 1449 placebat,
752 1375 789 1432 ut
819 1367 909 1450 ipsae
945 1367 1235 1451 consanguinitatis
1272 1369 1342 1434 iure

187 1483 324 1542 tantum
354 1473 488 1557 capiant
524 1471 753 1550 hereditatem,
783 1471 810 1535 si
843 1492 970 1536 sorores
1007 1472 1081 1550 sint,
1111 1472 1246 1536 ulterius
1275 1493 1342 1537 non

188 1578 343 1662 capiant:
367 1574 506 1640 masculi
521 1595 600 1639 vero
622 1575 665 1638 ad
689 1595 801 1638 earum
824 1573 1031 1651 hereditates,
1048 1575 1146 1638 etiam
1170 1575 1197 1638 si
1220 1574 1341 1658 longis-

186 1683 274 1747 simo
301 1682 408 1764 gradu
437 1680 512 1754 sint,
536 1678 764 1745 admittantur.
808 1700 874 1762 qua
897 1679 940 1743 de
962 1699 1061 1743 causa
1085 1678 1191 1742 fratris
1213 1679 1260 1743 tui
1283 1690 1343 1746 aut

188 1788 302 1872 patrui
319 1786 369 1849 tui
385 1783 474 1848 filiae
491 1783 545 1847 vel
567 1783 690 1848 amitae
712 1793 789 1849 tuae
811 1783 975 1848 hereditas
997 1783 1039 1848 ad
1062 1791 1097 1847 te
1118 1783 1268 1866 pertinet,
1283 1792 1342 1849 tua

186 1911 267 1955 vero
284 1891 328 1954 ad
344 1888 419 1952 illas
435 1907 501 1950 non
516 1888 711 1970 pertinebat.
756 1889 846 1971 quod
864 1887 943 1951 ideo
965 1887 1012 1952 ita
1031 1887 1245 1950 constitutum
1262 1896 1342 1965 erat,

188 1995 270 2078 quia
297 1991 507 2057 commodius
533 1992 709 2055 videbatur
734 1993 781 2056 ita
806 1992 875 2056 iura
901 1991 1062 2068 constitui,
1087 1999 1124 2054 ut
1147 1989 1341 2074 plerumque

186 2099 394 2162 hereditates
409 2097 451 2160 ad
469 2095 635 2160 masculos
658 2095 868 2162 confluerent.
912 2097 970 2160 sed
993 2096 1070 2178 quia
1090 2115 1169 2159 sane
1191 2095 1340 2176 iniquum

186 2203 311 2268 eratin
327 2202 517 2264 universum
541 2220 597 2263 eas
618 2201 713 2282 quasi
734 2209 909 2266 extraneas
929 2199 1051 2284 repelli,
1073 2208 1204 2282 praetor
1219 2219 1274 2262 eas
1296 2199 1340 2264 ad

186 2307 354 2371 bonorum
380 2304 623 2387 possessionem
653 2305 802 2368 admittit
832 2326 871 2371 ea
900 2314 1002 2388 parte,
1027 2323 1093 2386 qua
1116 2303 1341 2388 proximitatis

187 2409 326 2473 nornine
346 2408 511 2472 bonorum
534 2409 777 2489 possessionem
800 2409 992 2492 pollicetur:
1023 2429 1067 2472 ex
1089 2429 1155 2491 qua
1176 2417 1271 2491 parte
1293 2407 1341 2473 ita

187 2513 315 2578 scilicet
341 2513 572 2594 admittuntur,
592 2512 620 2575 si
644 2533 751 2594 neque
773 2515 938 2598 adgnatus
964 2514 1050 2578 ullus
1075 2534 1134 2578 nec
1159 2513 1342 2596 proximior

187 2627 353 2702 cognatus
376 2616 582 2681 interveniat.
637 2616 683 2679 Et
705 2616 787 2682 haec
809 2619 944 2701 quidem
970 2619 1028 2683 lex
1050 2618 1224 2683 duodecim
1247 2617 1341 2682 tabu·

187 2723 297 2788 larum
335 2720 427 2784 nullo
465 2721 566 2784 modo
604 2720 798 2802 introduxit,
834 2725 892 2787 sed
930 2724 1175 2808 simplicitatem
1213 2722 1341 2806 legibus

187 2827 332 2891 amicam
349 2825 508 2908 amplexa
529 2824 629 2888 simili
652 2826 753 2890 modo
775 2848 891 2893 omnes
913 2831 1076 2913 adgnatos
1094 2830 1162 2894 sive
1179 2829 1341 2893 masculos

187 2932 257 2995 sive
284 2929 425 2993 feminas
450 2929 687 3012 cuiuscumque
713 2933 835 3014 gradus
861 2936 903 2999 ad
930 2935 1180 2999 similitudinem
1207 2953 1341 2997 suorum

187 3035 331 3099 invicem
360 3035 404 3098 ad
434 3035 675 3099 successionem
702 3037 862 3105 vocabat:
904 3041 1014 3105 media
1043 3050 1155 3105 autem
1186 3039 1341 3124 iurispru·

187 3141 312 3214 dentia,
338 3159 423 3221 quae
448 3149 518 3204 erat
542 3139 615 3222 lege
644 3141 781 3223 quidem
808 3143 984 3208 duodecim
1012 3145 1201 3210 tabularum
1228 3145 1342 3223 iunior,

188 3242 351 3326 imperiali
384 3251 497 3308 autem
535 3245 753 3328 dispositione
789 3249 942 3329 anterior,
974 3249 1159 3333 suptilitate
1195 3250 1340 3332 quadam

188 3347 381 3430 excogitata
409 3346 593 3431 praelatam
625 3349 844 3413 differentiam
874 3352 1053 3418 inducebat
1076 3362 1109 3417 et
1132 3355 1262 3436 penitus
1286 3374 1365 3419 eas·

188 3473 208 3516 a
232 3453 439 3516 successione
467 3453 686 3537 adgnatorum
714 3453 903 3537 repellebat,
931 3457 1022 3520 omni
1047 3456 1112 3522 alia
1134 3456 1341 3522 successione

188 3553 366 3638 incognita,
388 3557 495 3621 donec
514 3565 693 3640 praetores,
715 3556 875 3641 paulatim
898 3562 1110 3643 asperitatem
1137 3559 1215 3623 iuris
1238 3559 1341 3624 civilis

187 3659 389 3743 corrigentes
415 3661 484 3725 sive
509 3662 600 3744 quod
627 3663 723 3727 deest
747 3663 977 3747 adimplentes,
1000 3665 1146 3729 humano
1169 3664 1340 3748 proposito

187 3764 288 3828 alium
316 3765 466 3830 ordinem
499 3767 567 3830 suis
594 3767 711 3831 edictis
734 3769 934 3835 addiderunt
961 3780 994 3836 et
1024 3769 1229 3854 cognationis
1253 3769 1340 3834 linea

187 3868 411 3952 proximitatis
442 3871 575 3934 nomine
604 3870 792 3937 introducta
819 3894 878 3957 per
906 3874 1069 3939 bonorum
1095 3874 1338 3959 possessionem

187 3991 244 4035 eas
267 3972 470 4037 adiuvabant
494 3982 528 4039 et
554 3973 795 4057 pollicebantur
820 3977 872 4042 his
897 3979 1060 4043 bonorum
1087 3979 1339 4063 possessionem,

186 4095 274 4159 quae
302 4076 391 4140 unde
415 4079 549 4161 cognati
576 4079 771 4163 appellatur.
817 4083 889 4147 Nos
914 4105 994 4149 vero
1023 4083 1132 4167 legem
1161 4082 1338 4148 duodecim

87 4219 92 4228 ·
186 4177 374 4242 tabularum
389 4175 566 4263 sequentes
581 4191 614 4246 et
629 4184 700 4248 eius
714 4186 854 4269 vestigia
872 4187 905 4250 in
920 4187 982 4252 hac
998 4197 1092 4271 parte
1107 4194 1337 4252 conservantes

185 4281 361 4346 laudamus
390 4283 525 4366 quidem
558 4297 727 4370 praetores
759 4308 839 4354 suae
872 4289 1096 4368 humanitatis,
1127 4309 1193 4354 non
1224 4299 1337 4354 tamen

222 4434 237 4500 §
251 4437 278 4489 8.
299 4435 361 4490 The
374 4436 434 4491 rule
447 4436 508 4492 that
520 4436 622 4494 female
635 4449 754 4508 agnates
767 4459 839 4496 were
852 4451 901 4496 not
915 4442 1033 4497 entitled
1046 4451 1075 4498 to
1088 4443 1208 4498 succeed
1221 4459 1253 4498 as
1267 4445 1336 4498 such

185 4514 210 4574 if
219 4531 298 4573 more
316 4519 453 4591 remotely
465 4519 572 4578 related
585 4531 615 4579 to
629 4523 677 4580 the
690 4523 831 4582 deceased
843 4526 913 4581 than
926 4541 957 4583 as
970 4525 1068 4584 sisters
1081 4543 1138 4584 was
1151 4526 1206 4586 due
1219 4535 1249 4585 to
1261 4527 1336 4584 what
