3310 5218
221 427 273 479 rr.
287 424 337 493 η]
572 421 633 477 na
655 420 1033 480 arcusnmowrnos,
1312 413 1350 476 16
1352 429 1372 499 5

221 605 417 678 perpetuum
454 616 514 678 per
547 596 686 679 gloriam
716 595 826 660 vivere
862 595 1104 677 intelleguntur.
1160 593 1247 657 Item
1277 592 1400 657 divusl

223 698 354 762 Marcus
370 701 403 762 in
419 701 632 764 semestribus
648 701 812 782 rescripsit
827 720 912 778 eum,
928 699 985 781 qui
1003 718 1054 761 res
1068 697 1138 762 fisci
1152 697 1370 772 administrat,

221 823 243 866 a
263 803 366 866 tutela
380 803 433 867 vel
456 824 534 867 cura
555 806 713 885 quamdiu
731 804 940 868 administrat
959 803 1108 866 excusari
1130 821 1237 884 posse.
1283 800 1401 868 Item2

221 908 278 989 qui
303 909 349 970 rei
372 907 526 990 publicae
552 927 651 971 causa
677 908 805 981 absunt,
827 927 847 970 a
871 906 976 970 tutela
1000 914 1034 969 et
1057 927 1134 970 cura
1160 913 1369 970 excusantur.

222 1011 339 1075 sedet
364 1011 391 1072 si
422 1010 552 1082 suerunt
577 1020 702 1074 tutores
724 1010 777 1075 vel
807 1018 980 1088 curatores,
1002 1010 1123 1073 deinde
1148 1011 1193 1074 rei
1219 1009 1371 1092 publicae

222 1135 320 1179 causa
342 1116 458 1179 abesse
473 1124 660 1197 coeperunt,
674 1137 695 1179 a
710 1115 815 1179 tutela
834 1123 867 1178 et
886 1135 964 1179 cura
986 1123 1192 1192 excusantur,
1208 1122 1371 1196 quatenus

222 1220 267 1281 rei
282 1219 433 1300 publicae
448 1239 546 1282 causa
561 1218 690 1296 absunt,
706 1229 740 1282 et
760 1220 885 1281 interea
903 1227 1032 1282 curator
1045 1217 1120 1282 loco
1135 1237 1247 1282 eorum
1263 1218 1369 1282 datur.

222 1323 277 1403 qui
299 1323 327 1384 si
350 1321 469 1384 reversi
486 1319 614 1398 suerint,
635 1321 795 1402 recipiunt
814 1341 897 1384 onus
919 1321 1044 1385 tutelae
1066 1341 1126 1384 nec
1148 1321 1225 1384 anni
1247 1319 1372 1385 habent

221 1427 438 1500 vacationem,
454 1433 491 1486 ut
510 1424 709 1506 Papinianus
732 1445 960 1507 responsorum
983 1424 1067 1488 libro
1090 1425 1205 1506 quinto
1223 1423 1371 1506 scripsit:

222 1547 298 1592 nam
326 1528 390 1592 hoc
416 1528 559 1609 spatium
586 1526 711 1591 habent
737 1529 780 1591 ad
805 1548 907 1592 novas
931 1527 1052 1592 tutelas
1073 1527 1192 1592 vocati.
1247 1525 1402 1609 Ecquis

222 1641 425 1714 potestatem
449 1631 594 1713 aliquam
621 1631 755 1706 habent,
783 1652 942 1696 excusare
972 1653 1008 1696 se
1037 1641 1183 1714 possunt,
1210 1639 1247 1695 ut
1276 1631 1371 1696 divus

223 1735 356 1800 Marcus
372 1738 543 1819 rescripsit,
558 1737 617 1800 sed
635 1745 788 1819 coeptam
811 1736 950 1800 tutelam
973 1736 1122 1799 deserere
1141 1755 1208 1799 non
1222 1743 1370 1817 possunt.

224 1840 310 1904 Item
337 1851 473 1923 propter
496 1841 596 1917 litem,
621 1861 720 1924 quam
745 1861 820 1904 curn
844 1840 969 1923 pupillo
994 1839 1047 1903 vel
1068 1840 1184 1902 adulto
1206 1847 1298 1902 tutor
1318 1839 1401 1908 velt

222 1954 352 2008 curator
367 1944 478 2023 habet,
490 1965 648 2008 excusare
663 1965 699 2008 se
715 1965 814 2008 nemo
829 1953 960 2026 potest:
984 1943 1045 2004 nisi
1060 1942 1143 2004 forte
1158 1943 1201 2005 de
1215 1941 1370 2004 omnibus

222 2048 316 2111 bonis
330 2048 384 2111 vel
399 2047 583 2112 hereditate
601 2049 822 2112 controversia
845 2047 897 2110 sit.
944 2045 1029 2108 Item
1050 2045 1112 2108 tria
1131 2064 1231 2108 onera
1246 2043 1401 2110 tutelae⁵

222 2171 287 2215 non
326 2151 499 2215 affectatae
533 2151 586 2214 vel
624 2170 721 2215 curae
758 2155 928 2233 praestant
957 2148 1173 2228 vacationem,
1211 2145 1370 2229 quamdiu

224 2383 265 2436 27.
282 2383 304 2424 1.
318 2383 342 2423 2.
356 2381 379 2435 7.
418 2370 475 2423 For
493 2369 541 2424 the
560 2367 713 2424 sentiment
732 2377 761 2423 at
780 2369 830 2424 the
849 2367 905 2422 end
924 2367 957 2422 of
971 2368 1019 2422 the
1040 2365 1148 2422 section
1168 2365 1204 2421 cl.
1223 2367 1371 2436 Tyrtaeus,

224 2456 316 2508 Canu.
331 2453 347 2508 i.
365 2469 375 2507 1
390 2473 398 2519 ;
416 2453 452 2508 iii.
467 2467 511 2520 31,
525 2453 649 2520 Plautus,
664 2453 745 2522 Capt.
759 2467 784 2522 3.
799 2465 822 2522 5.
836 2467 879 2521 32,
893 2451 951 2508 Cic.
969 2467 1020 2522 pro
1041 2451 1132 2505 Balbo
1153 2463 1193 2518 17.
1213 2464 1256 2520 21,
1276 2450 1372 2505 Plane.

224 2550 267 2606 37,
282 2538 400 2604 Seneca,
414 2547 539 2592 controv.
556 2553 577 2591 1.
591 2538 615 2592 8.

259 2620 311 2692 §L
332 2623 453 2676 Persons
472 2620 623 2690 employed
639 2621 677 2690 by
690 2621 737 2675 the
755 2638 885 2691 emperor
897 2638 933 2675 on
952 2620 997 2676 his
1016 2637 1079 2676 own
1097 2619 1192 2676 affairs
1210 2619 1294 2676 could
1312 2621 1373 2678 also

223 2705 306 2759 claim
319 2703 497 2774 exemption:
519 2703 562 2758 ‘hi
576 2720 651 2772 vero,
665 2703 767 2774 quibus
779 2703 911 2775 princeps
924 2721 1021 2759 curam
1034 2703 1151 2759 alicuius
1164 2704 1205 2760 rei
1218 2703 1315 2773 iunxit,
1328 2722 1374 2760 ex-

223 2799 356 2844 cusantur
368 2805 386 2843 a
397 2789 492 2856 tutela,
506 2787 597 2842 donec
610 2804 706 2842 curam
719 2790 835 2858 gerunt’
851 2787 916 2858 Dig.
931 2801 974 2855 27.
991 2804 1013 2845 r.
1027 2803 1069 2843 22.
1084 2803 1114 2855 1;
1132 2788 1171 2842 ib.
1181 2803 1223 2854 41.
1237 2803 1287 2857 pr,
1302 2789 1374 2844 Cod.

225 2873 304 2942 5.62.
321 2889 360 2926 10.
397 2873 459 2926 The
478 2870 626 2926 semestria
638 2887 695 2926 was
714 2889 732 2927 a
751 2872 902 2927 collection
922 2872 953 2926 ol
963 2871 1105 2927 decisions
1124 2870 1268 2927 delivered
1280 2871 1318 2940 by
1332 2873 1373 2928 M.

221 2956 352 3011 Aurelius
372 2955 401 3009 in
419 2955 463 3010 his
482 2955 563 3024 privy
575 2955 754 3010 council-so
774 2955 865 3011 called
883 2957 1006 3027 perhaps
1019 2956 1142 3011 because
1159 2957 1207 3010 the
1220 2955 1304 3009 latter
1316 2973 1372 3012 was

223 3040 331 3110 subject
348 3049 378 3094 to
394 3038 609 3094 reconstitution
628 3039 691 3093 hall
698 3041 803 3110 yearly,
818 3039 884 3110 Dig.
898 3055 921 3095 2.
940 3055 980 3108 14.
997 3040 1047 3108 16;
1069 3041 1107 3095 18.
1122 3053 1147 3108 7.
1164 3055 1214 3106 103
1233 3053 1275 3108 29.
1290 3055 1315 3094 2.
1332 3055 1372 3096 12.

224 3126 279 3180 But
288 3142 306 3178 a
315 3125 391 3194 gloss
401 3140 467 3192 says
477 3121 637 3177 ‘semestria
647 3133 711 3178 sunt
721 3125 819 3194 codex,
831 3123 860 3178 in
871 3140 927 3195 quo
937 3123 1129 3194 legislationes
1142 3141 1192 3195 per
1202 3140 1251 3178 sex
1260 3139 1373 3180 meuses

223 3209 349 3280 prolatae
363 3207 391 3261 in
405 3223 491 3261 unum
505 3205 723 3275 redigebantur!

259 3290 315 3362 §a
335 3293 457 3346 Persons
475 3291 576 3344 absent
595 3289 634 3345 rei
654 3290 784 3360 publicae
804 3309 892 3348 causa
904 3311 977 3348 were
994 3303 1107 3364 exempt
1120 3294 1192 3348 from
1209 3294 1374 3364 newly·ten-

223 3374 309 3429 dered
319 3372 537 3444 guardianships
548 3373 650 3441 during
660 3373 733 3428 their
742 3375 865 3429 absence
877 3376 934 3429 and
944 3376 987 3429 for
996 3395 1014 3430 a
1023 3393 1092 3445 year
1101 3378 1173 3433 alter
1180 3375 1253 3432 their
1262 3387 1372 3434 return:

223 3460 303 3513 when
322 3468 385 3512 sent
403 3457 511 3512 abroad
529 3474 566 3511 on
586 3457 655 3511 such
675 3466 748 3511 state
767 3456 898 3511 business
917 3458 984 3527 they
996 3476 1069 3514 were
1087 3460 1210 3515 excused
1226 3459 1299 3514 from
1317 3477 1374 3531 any

222 3547 310 3601 tutela
322 3544 413 3598 which
426 3545 493 3614 they
503 3561 575 3599 were
588 3541 718 3598 invested
729 3541 795 3596 with
808 3551 837 3597 at
850 3542 898 3596 the
911 3542 988 3611 time,
998 3543 1049 3599 but
1061 3561 1099 3600 on
1112 3545 1186 3601 their
1197 3555 1293 3600 return
1306 3547 1373 3618 they

222 3630 280 3685 had
298 3638 328 3684 to
346 3645 458 3684 resume
476 3628 497 3684 it
516 3628 633 3682 without
651 3643 708 3696 any
727 3624 809 3680 ‘anni
829 3625 957 3681 vacatio'
977 3627 1044 3697 Dig.
1064 3641 1107 3696 27.
1124 3643 1144 3684 1.
1161 3643 1202 3682 ro.
1219 3643 1244 3698 2,
1263 3628 1332 3684 Cod.
1350 3643 1373 3700 5,

222 3713 302 3781 641.

258 3794 272 3866 §
286 3798 314 3850 8.
335 3797 464 3849 Potestas
477 3811 576 3849 means
589 3811 646 3864 any
657 3793 836 3864 magistracy,
851 3791 978 3864 superior
991 3811 1023 3849 or
1035 3792 1157 3863 inferior,
1172 3792 1238 3864 Dig.
1252 3807 1295 3862 27.
1312 3809 1331 3848 1.
1346 3795 1372 3850 6.

226 3879 310 3948 14-16
321 3899 329 3945 ;
342 3878 379 3933 ib.
396 3891 436 3945 17.
449 3890 511 3948 4-5.
548 3879 661 3947 Fragm.
671 3879 734 3933 Vat.
752 3879 801 3944 146
816 3877 890 3950 (‘qui
906 3878 1016 3935 Romae
1032 3879 1198 3950 magistratu
1211 3879 1371 3950 funguntur,

222 3963 356 4036 quamdiu
366 3962 421 4015 hoc
431 3963 591 4030 funguntur,
603 3961 664 4016 dari
674 3971 781 4018 tutores
792 3979 849 4016 non
860 3973 978 4033 possunt
986 3963 1004 4034 ’)
1015 3963 1039 4020 is
1049 3974 1098 4020 not
1108 3973 1205 4019 meant
1215 3973 1244 4018 to
1254 3962 1371 4020 exclude

221 4046 375 4117 municipal
388 4045 575 4114 magistrates.

257 4129 271 4202 §
285 4135 315 4185 4.
334 4131 469 4200 ‘Propter
480 4128 567 4198 litem,
581 4145 666 4199 quam
680 4131 742 4201 quis
756 4147 820 4185 cum
833 4131 939 4202 pupillo
954 4133 1050 4202 habet,
1063 4147 1198 4188 excusare
1210 4149 1241 4188 se
1254 4148 1271 4188 a
1283 4131 1371 4186 tutela

221 4232 278 4270 non
295 4223 397 4286 potest,
410 4211 464 4267 nisi
478 4213 514 4268 de
533 4212 664 4268 omnibus
676 4213 759 4269 bonis
777 4223 825 4268 aut
842 4215 963 4285 plurima
975 4226 1055 4286 parte
1068 4230 1165 4270 eorum
1179 4213 1371 4271 controversia

222 4300 273 4355 sit’
292 4299 357 4369 Dig.
372 4311 413 4365 27.
431 4313 453 4353 1.
467 4312 509 4353 21.
523 4315 573 4368 pr,
592 4297 737 4353 ‘volumus
751 4337 778 4354 ..
794 4298 858 4354 ..si
877 4299 940 4372 quis
959 4300 1114 4369 obligatum
1132 4297 1263 4355 habuerit
1281 4297 1371 4353 mino·

221 4401 281 4438 rem
298 4393 346 4438 aut
359 4382 419 4438 eius
436 4399 490 4450 res,
502 4381 578 4436 hunc
595 4397 652 4436 non
669 4380 778 4440 omnir*
830 4379 839 4392 '
935 4379 943 4384 ⁴
1026 4381 1116 4449 sius,
1130 4381 1174 4434 vel
1188 4382 1243 4440 sia
1260 4382 1369 4455 legibus

221 4477 343 4536 vocetur,
356 4465 507 4521 accedere'
521 4467 595 4520 Now.
609 4478 652 4534 72.
669 4481 674 4488 ·

258 4548 315 4622 §a
334 4551 388 4606 Yet
407 4549 436 4619 ii,
448 4567 519 4607 even
533 4551 625 4608 where
1154 4551 1239 4719 Ἴσι
1255 4551 1369 4624 tutelae,
