3266 5188
225 416 337 484 rata]
394 417 456 474 oa
476 417 552 473 Hrs
573 419 657 474 aaa
677 418 788 491 Quos
807 420 951 478 naara
971 423 1204 482 rossanus
1307 421 1370 502 567

776 639 820 704 X.

432 815 482 868 DE
505 815 568 890 HIS
591 816 661 868 PER
683 815 781 880 Quos
804 817 929 870 AGERE
953 819 1155 874 POSSUMUS.

265 962 363 1028 Nunc
392 964 594 1031 admonendi
620 986 734 1030 sumus
759 986 858 1049 agere
884 988 981 1051 posse
1004 969 1186 1052 quemlibet
1220 981 1278 1036 aut
1309 993 1370 1036 suo

221 1067 355 1131 nomine
378 1077 437 1132 aut
463 1069 582 1133 alieno.
619 1069 727 1133 alieno
752 1071 855 1134 veluti
884 1073 1108 1154 procuratorio
1131 1075 1253 1139 tutorio
1277 1095 1371 1140 cura·

220 1170 316 1246 torio,
333 1191 408 1234 cum
423 1171 503 1235 olim
519 1173 552 1236 in
568 1193 628 1238 usu
644 1174 758 1238 suisset
772 1173 907 1238 alterius
923 1177 1057 1241 nomine
1075 1198 1173 1261 agere
1189 1199 1254 1242 non
1270 1200 1369 1262 posse

220 1272 280 1336 nisi
312 1295 372 1356 pro
396 1275 529 1358 populo,
555 1297 615 1358 pro
644 1277 806 1357 libertate,
832 1299 892 1361 pro
922 1281 1037 1344 tutela.
1092 1291 1264 1363 praeterea
1293 1281 1369 1366 lege

221 1376 366 1441 Hostilia
389 1381 584 1461 permissum
608 1389 658 1444 est
680 1379 757 1444 furti
779 1401 878 1464 agere
898 1403 1011 1447 eorum
1035 1386 1177 1460 nomine,
1199 1387 1257 1467 qui
1278 1388 1367 1468 apud

218 1481 332 1546 hostes
348 1493 458 1547 essent
478 1493 535 1547 aut
551 1485 598 1548 rei
619 1484 770 1567 publicae
789 1506 886 1550 causa
907 1487 1061 1551 abessent
1079 1489 1178 1570 quive
1199 1489 1232 1551 in
1253 1509 1366 1553 eorum

220 1586 310 1650 cuius
336 1585 442 1651 tutela
466 1597 586 1652 essent.
625 1597 659 1652 et
681 1589 758 1671 quia
781 1589 844 1654 hoc
867 1611 932 1654 non
956 1591 1126 1680 minimam
1152 1592 1369 1656 incommodi·

216 1699 323 1754 tatem
338 1690 492 1767 habebat,
509 1693 597 1774 quod
621 1692 730 1756 alieno
753 1694 885 1757 nomine
905 1714 1013 1776 neque
1035 1715 1132 1776 agere
1153 1715 1260 1777 neque
1276 1698 1367 1760 exci-

217 1813 296 1876 pere
324 1795 489 1859 actionem
518 1795 650 1873 licebat,
675 1806 854 1880 coeperunt
878 1797 1030 1861 homines
1057 1817 1117 1880 per
1141 1808 1368 1881 procuratores

217 2040 347 2112 perlegis
356 2041 486 2112 Aquiliae
496 2042 637 2098 actionem
650 2041 814 2097 iniuriarum
827 2042 963 2111 consumi,
977 2044 1112 2114 quoniam
1124 2045 1207 2101 desiit
1219 2047 1326 2101 bonum
1339 2059 1367 2103 et

215 2141 337 2195 aequum
356 2142 419 2181 esse
438 2126 621 2181 condemnari
634 2143 709 2194 eum,
724 2125 771 2196 qui
785 2125 1012 2182 aestimationem
1030 2128 1179 2198 praestitit,
1191 2130 1243 2184 sed
1261 2129 1285 2184 si
1298 2141 1365 2186 ante

215 2207 378 2263 iniuriarum
391 2219 486 2264 actum
496 2219 580 2278 esset,
590 2209 679 2265 teneri
692 2226 758 2264 eum
768 2227 803 2264 ex
812 2210 875 2278 lege
884 2209 1007 2280 Aquilia.
1033 2211 1092 2266 Sed
1102 2222 1131 2266 et
1143 2213 1215 2266 haec
1225 2213 1366 2268 sententia

216 2305 267 2361 per
284 2303 442 2362 praetorem
460 2292 616 2348 inhibenda
632 2301 685 2360 est,
703 2291 758 2347 nisi
777 2292 805 2347 in
828 2291 865 2361 id,
883 2293 960 2363 quod
981 2293 1103 2364 amplius
1121 2296 1234 2364 exlege
1252 2295 1367 2366 Aquilia

214 2375 358 2446 competit,
377 2387 497 2446 agatur:
519 2376 714 2432 rationabilius
736 2376 831 2447 itaque
852 2387 904 2446 est,
923 2393 988 2431 eam
1009 2377 1121 2432 admitti
1139 2378 1318 2458 sententiam,
1336 2390 1366 2434 ut

213 2459 296 2514 liceat
309 2459 335 2514 ei
348 2477 434 2531 quam
447 2460 565 2516 voluerit
584 2460 727 2516 actionem
745 2460 822 2530 prius
840 2477 979 2529 exercere,
995 2461 1072 2531 quod
1089 2470 1185 2516 autem
1200 2461 1321 2531 amplius
1337 2463 1366 2516 in

211 2543 300 2598 altera
327 2554 379 2612 est,
403 2543 489 2598 etiam
511 2545 566 2598 hoc
589 2543 721 2614 exsequi'
745 2542 811 2613 Dig.
830 2557 873 2609 44.
893 2556 917 2609 7.
937 2557 979 2610 34
1000 2559 1051 2614 pn,
1071 2543 1110 2598 ‘si
1133 2543 1228 2599 furtim
1250 2545 1365 2600 arbores

213 2641 314 2681 caesae
333 2626 397 2696 sint,
417 2637 444 2682 et
465 2643 499 2682 ex
518 2629 581 2697 lege
599 2627 714 2698 Aquilia
731 2636 759 2682 et
778 2643 813 2682 ex
830 2625 982 2680 duodecim
1000 2627 1159 2681 tabularum
1177 2627 1302 2682 dandam
1319 2645 1366 2684 ac·

212 2709 319 2764 tionem
339 2711 435 2765 Labeo
453 2710 502 2766 ait.
542 2711 600 2766 Sed
619 2710 778 2779 Trebatius
798 2710 838 2764 ita
856 2719 1005 2780 utramque
1027 2709 1161 2779 dandam,
1180 2721 1210 2765 ut
1232 2710 1316 2766 iudex
1335 2711 1364 2766 in

214 2793 369 2863 posteriore
379 2794 501 2849 deducat
512 2793 550 2864 id,
560 2794 637 2865 quod
645 2811 680 2848 ex
688 2794 781 2864 prima
789 2803 958 2848 consecutus
971 2792 1016 2862 sit,
1026 2803 1054 2849 et
1067 2793 1175 2864 reliquo
1185 2794 1367 2850 condemnet’

213 2876 278 2945 Dig.
289 2890 331 2943 47.
347 2890 370 2943 7.
388 2894 410 2946 1,
429 2878 437 2905 ‘
446 2877 494 2948 qui
511 2894 572 2932 rem
589 2877 690 2947 rapuit,
703 2887 731 2932 et
749 2876 814 2931 furti
833 2893 887 2931 nec
906 2876 1048 2932 manifesti
1065 2886 1177 2932 tenetur
1193 2876 1222 2931 in
1239 2876 1366 2947 duplum,

211 2969 239 3014 et
258 2959 285 3015 vi
304 2971 449 3030 raptorum
467 2960 496 3014 in
515 2961 721 3031 quadruplum:
741 2960 793 3014 sed
812 2959 836 3014 si
855 2969 921 3015 ante
939 2970 1035 3015 actum
1052 2960 1088 3015 sit
1103 2959 1131 3015 vi
1150 2960 1290 3014 bonorum
1302 2975 1365 3030 rap·

212 3052 314 3112 torum,
324 3043 494 3114 deneganda
506 3054 549 3099 est
562 3043 636 3112 furti,
646 3043 669 3098 si
683 3052 749 3098 ante
762 3042 828 3098 furti
841 3054 936 3098 actum
949 3043 995 3113 sit,
1005 3061 1063 3098 non
1075 3054 1118 3099 est
1131 3043 1179 3098 illa
1189 3043 1366 3113 deneganda,

210 3136 240 3180 ut
258 3137 354 3181 tamen
373 3127 411 3196 id,
424 3128 501 3198 quod
517 3127 639 3197 amplius
658 3127 687 3181 in
704 3144 740 3183 ea
757 3127 803 3196 sit,
822 3130 1026 3198 consequatur'
1040 3127 1106 3196 Dig.
1119 3139 1161 3194 47.
1177 3143 1200 3182 2.
1215 3129 1256 3182 88.
1294 3127 1366 3182 This

211 3210 374 3265 conclusion
394 3228 487 3266 seems
506 3221 535 3266 at
554 3211 614 3266 first
633 3210 708 3280 sight
727 3220 757 3266 to
775 3212 812 3266 be
831 3210 1027 3266 contradicted
1045 3211 1113 3280 bya
1132 3210 1240 3265 dictum
1253 3209 1285 3264 of
1301 3212 1365 3265 Mo-

209 3293 346 3363 destinus,
366 3293 462 3364 ‘plura
483 3294 588 3349 delicta
607 3293 637 3348 in
657 3311 714 3349 una
735 3311 767 3350 re
786 3296 880 3365 plures
903 3293 1055 3350 admittunt
1077 3293 1214 3360 actiones,
1233 3294 1286 3348 sed
1307 3311 1365 3348 non

210 3393 295 3447 posse
315 3378 446 3433 omnibus
466 3377 507 3433 uti
531 3379 682 3448 probatum
703 3388 765 3433 est:
790 3393 858 3432 nam
883 3377 906 3432 si
932 3395 966 3432 ex
988 3393 1045 3431 una
1068 3376 1242 3446 obligatione
1269 3378 1363 3446 plures

211 3461 337 3516 actiones
356 3473 518 3530 nascuntur,
537 3479 593 3516 una
611 3463 818 3530 tantummodo,
837 3477 894 3514 non
914 3459 1045 3514 omnibus
1064 3459 1201 3514 utendum
1220 3461 1278 3514 est’
1294 3459 1363 3529 Dig.

211 3558 254 3611 44.
268 3557 293 3612 7.
309 3559 348 3614 53.
363 3562 423 3615 pr.;
441 3546 492 3600 but
510 3544 567 3600 this
586 3562 653 3614 may
669 3545 706 3600 be
724 3545 810 3600 taken
829 3553 859 3599 to
878 3560 962 3598 mean
980 3544 1041 3598 that
1057 3543 1106 3597 the
1124 3543 1233 3596 several
1252 3541 1362 3598 actions

211 3638 315 3682 cannot
327 3629 365 3682 all
377 3629 414 3683 be
426 3629 548 3698 brought
561 3627 627 3682 with
640 3628 690 3682 r'ull
702 3628 785 3683 effect
797 3647 805 3694 ;
823 3627 881 3682 and
896 3627 944 3681 the
957 3624 1132 3696 proposition
1145 3624 1238 3680 would
1250 3625 1287 3680 be
1299 3633 1362 3680 true

210 3709 366 3780 invariably
379 3711 403 3766 if
411 3712 459 3766 the
473 3712 582 3782 injured
595 3729 707 3782 person,
721 3712 813 3766 where
826 3711 863 3765 he
876 3709 933 3764 bad
949 3727 985 3766 an
998 3708 1173 3778 alternative,
1185 3725 1243 3764 was
1256 3708 1361 3764 careful

209 3795 322 3862 enough
341 3805 371 3850 to
389 3796 477 3851 select
498 3797 547 3850 the
565 3796 683 3866 remedy
700 3796 739 3866 by
757 3793 848 3850 which
866 3795 904 3850 he
924 3794 1008 3850 could
1029 3810 1144 3849 recover
1165 3793 1214 3848 the
1233 3791 1360 3848 beaviest

208 3880 333 3948 penalty.

242 3965 302 4016 att.
313 3965 353 4016 X.
375 3961 417 4016 of
430 3963 479 4018 the
497 3961 662 4032 exceptions
679 3971 710 4016 to
728 3961 777 4016 the
796 3959 843 4015 old
863 3961 923 4016 rule
940 3977 1026 4016 nemo
1042 3959 1136 4016 alieno
1148 3958 1263 4014 nomine
1275 3975 1360 4029 agere

208 4053 302 4112 potest
321 4044 398 4114 (Dig.
414 4057 455 4114 50.
473 4059 511 4112 17.
529 4045 590 4114 123)
611 4045 678 4115 ‘pro
696 4045 818 4114 populo'
835 4044 923 4099 refers
941 4054 971 4099 to
989 4044 1038 4099 the
1056 4042 1183 4098 actiones
1200 4043 1359 4113 populares,

208 4127 265 4181 and
286 4129 353 4198 ‘pro
374 4127 518 4183 libertate'
538 4127 666 4183 includes
687 4126 894 4182 manumission
915 4143 966 4197 per
984 4125 1148 4194 vindictam,
1166 4143 1194 4196 p.
1215 4138 1263 4192 107
1284 4141 1357 4195 supr.

209 4210 340 4282 Nothing
355 4212 462 4267 further
478 4211 503 4267 is
519 4212 623 4266 lrnown
640 4212 672 4266 oi
687 4213 735 4266 the
754 4212 799 4266 lex
817 4211 950 4266 Hostilia.
986 4211 1074 4265 What
1091 4209 1116 4265 is
1129 4219 1224 4264 meant
1240 4209 1279 4278 by
1292 4208 1359 4280 ‘pro

207 4295 310 4350 tutela'
328 4295 357 4349 in
378 4296 427 4350 the
445 4305 503 4350 text
523 4295 548 4350 is
563 4297 648 4350 much
666 4295 820 4366 disputed;
837 4293 1020 4365 Theophilus'
1036 4291 1216 4363 explanation
1234 4293 1267 4346 oi
1281 4292 1302 4347 it
1320 4292 1360 4361 by

208 4379 365 4448 supposing
385 4396 403 4433 a
424 4379 480 4434 suit
504 4379 631 4434 between
652 4389 708 4434 two
732 4396 765 4433 or
788 4395 867 4433 more
891 4395 1009 4448 persons
1033 4377 1167 4447 claiming
1187 4393 1206 4432 a
1227 4376 1315 4432 tutela
1333 4375 1357 4430 is

207 4461 351 4531 generally
370 4462 503 4532 rejected,
523 4463 581 4517 and
602 4464 726 4532 perhaps
748 4461 770 4517 it
791 4479 858 4530 may
878 4463 915 4516 be
936 4461 1011 4532 right
1034 4469 1065 4516 to
1086 4459 1262 4516 understand
1283 4459 1304 4515 it
1329 4460 1362 4514 of

206 4544 317 4601 actions
330 4546 452 4618 brought
469 4547 613 4618 generally
624 4548 663 4618 by
675 4548 724 4603 the
736 4557 812 4603 tutor
824 4547 853 4602 in
864 4545 984 4602 relation
996 4555 1026 4602 to
1042 4546 1091 4602 tbe
1104 4545 1202 4601 ward’s
1214 4555 1357 4618 property.
