3274 5152
203 403 319 473 Tit.23.]
362 404 423 460 DE
436 402 868 462 FIDEICOMMISSARIIS
880 403 1242 462 HEREDITATIBUS.
1288 411 1350 483 307

247 569 420 632 Praeterea
442 567 617 632 intestatus
641 587 772 650 quoque
795 567 970 633 moriturus
992 577 1103 651 potest
1127 591 1242 654 rogare
1265 593 1349 647 eum,
1366 583 1400 640 lo

201 674 245 737 ad
269 693 369 756 quem
393 673 480 736 bona
502 693 561 736 sua
583 672 636 736 vel
662 671 811 756 legitimo
833 671 901 736 iure
916 673 969 736 vel
991 673 1165 738 honorario
1187 677 1351 758 pertinere

201 776 373 860 intellegit,
390 786 427 841 ut
442 776 662 842 hereditatem
685 797 778 840 suam
801 785 907 840 totam
928 786 1098 860 partemve
1122 778 1191 843 eius
1206 790 1264 844 aut
1280 802 1349 845 rem

199 881 357 964 aliquam,
376 881 477 946 veluti
499 881 637 945 fundum
663 880 831 945 hominem
854 883 1036 964 pecuniam,
1060 882 1155 947 alicui
1179 886 1349 949 restituat:

200 1005 276 1049 cunr
300 985 446 1068 alioquin
472 985 582 1069 legata
602 986 728 1052 nisiex
751 994 952 1052 testamento
979 1007 1045 1052 non
1071 986 1215 1054 valeant.
1260 989 1347 1056 Eum
1364 999 1394 1052 11

200 1109 341 1172 quoque,
357 1090 409 1154 cui
429 1089 553 1173 aliquid
575 1091 765 1165 restituitur,
781 1099 892 1172 potest
915 1111 1040 1173 rogare,
1059 1100 1096 1156 ut
1113 1091 1146 1155 id
1170 1113 1279 1158 rursus
1293 1093 1348 1158 alii
1434 1119 1440 1132 ·

200 1201 309 1256 totum
338 1203 397 1257 aut
422 1215 483 1277 pro
508 1204 603 1276 parte
626 1193 680 1260 vel
705 1194 805 1258 etiam
829 1194 919 1258 aliud
945 1193 1069 1276 aliquid
1096 1195 1257 1260 restituat.
1302 1197 1349 1264 Et
1364 1205 1396 1258 12

199 1297 277 1378 quia
300 1299 406 1380 prima
426 1297 754 1364 fideicommissorum
774 1297 938 1364 cunabula
959 1318 979 1362 a
1002 1297 1068 1362 fide
1087 1296 1247 1364 heredum
1268 1320 1349 1383 pen·

199 1401 280 1464 dent
304 1411 339 1465 et
364 1411 434 1465 tam
460 1421 581 1466 nomen
611 1422 712 1484 quam
742 1401 962 1466 substantiam
991 1413 1188 1483 acceperunt
1213 1413 1247 1468 et
1272 1403 1348 1468 ideo

199 1503 295 1566 divus
316 1503 491 1586 Augustus
511 1505 554 1570 ad
578 1505 809 1572 necessitatem
836 1504 914 1568 iuris
938 1524 978 1568 ea
1001 1504 1164 1568 detraxit:
1187 1525 1291 1588 nuper
1313 1516 1348 1570 et

199 1627 260 1670 nos
283 1609 425 1672 eundem
444 1609 625 1692 principem
649 1629 803 1692 superare
825 1609 1063 1672 contendentes
1080 1629 1124 1672 ex
1144 1608 1242 1688 sacto,
1256 1612 1347 1692 quod

198 1709 419 1776 Tribonianus
448 1713 498 1778 vir
530 1713 681 1780 excelsus
717 1721 873 1796 quaestor
909 1711 992 1776 sacri
1029 1711 1142 1794 palatii
1172 1715 1347 1797 suggessit,

198 1817 467 1880 constitutionem
494 1817 640 1896 fecimus,
666 1839 725 1901 per
751 1837 852 1900 quam
882 1817 1123 1898 disposuimus:
1155 1817 1183 1880 si
1206 1828 1347 1884 testator

198 1918 275 1984 fidei
302 1919 432 1984 heredis
457 1923 507 1985 sui
533 1923 708 1994 commisit,
733 1931 771 1986 ut
796 1920 849 1984 vel
878 1920 1098 1986 hereditatem
1121 1919 1174 1984 vel
1201 1923 1344 2004 speciale

197 2021 489 2089 fideicommissum
518 2028 679 2102 restituat,
707 2036 741 2092 et
771 2045 877 2106 neque
907 2046 951 2090 ex
980 2024 1141 2106 scriptura
1171 2045 1279 2108 neque
1303 2047 1347 2090 ex

197 2128 342 2209 quinque
375 2130 510 2194 testium
548 2151 693 2206 numero,
723 2129 779 2212 qui
817 2130 850 2192 in
884 2127 1145 2192 fideicommissis
1178 2127 1347 2212 legitimus

197 2249 270 2293 esse
292 2233 444 2308 noscitur,
465 2253 517 2297 res
538 2233 644 2316 possit
666 2231 876 2307 manifestari,
900 2231 1031 2296 sedvel
1054 2231 1224 2312 pauciores
1244 2253 1346 2314 quam

196 2334 341 2416 quinque
358 2334 411 2400 vel
434 2357 532 2400 nemo
556 2337 686 2420 penitus
710 2336 804 2402 testis
824 2334 1044 2412 intervenerit,
1064 2344 1143 2400 tunc
1165 2335 1233 2400 sive
1252 2347 1347 2418 pater

196 2436 328 2504 heredis
350 2439 419 2502 sive
440 2439 523 2504 alius
546 2440 745 2522 quicumque
766 2441 819 2510 sit,
835 2438 891 2520 qui
915 2436 1016 2500 fidem
1037 2437 1136 2522 elegit
1159 2437 1290 2503 heredis
1313 2449 1347 2505 et

196 2539 239 2603 ab
263 2562 303 2604 eo
326 2541 450 2624 aliquid
472 2543 599 2607 restitui
614 2542 762 2616 voluerit,
779 2543 806 2604 si
828 2541 923 2604 heres
945 2540 1084 2624 perfidia
1106 2552 1218 2606 tentus
1242 2544 1348 2606 adim·

196 2643 287 2725 plere
317 2645 418 2710 fidem
449 2657 578 2711 recusat
608 2647 761 2730 negando
792 2666 861 2710 rem
892 2646 938 2710 ita
969 2665 1041 2710 esse
1070 2645 1290 2725 subsecutam,
1320 2647 1347 2714 si

196 2746 518 2816 fideicommissarius
544 2751 770 2816 iusiurandum
802 2749 831 2812 ei
861 2748 1026 2824 detulerit,
1055 2769 1131 2813 cum
1156 2750 1246 2834 prius
1275 2752 1346 2836 ipse

197 2850 240 2914 de
263 2852 428 2918 calumnia
453 2855 616 2927 iuraverit,
637 2875 772 2919 necesse
797 2874 874 2918 eum
900 2853 1023 2920 habere
1046 2853 1099 2918 vel
1122 2854 1346 2920 iusiurandum

196 2955 314 3034 subire,
333 2959 423 3039 quod
446 2959 526 3022 nihil
549 2959 616 3024 tale
638 2981 659 3024 a
681 2968 840 3024 testatore
855 2958 989 3034 audivit,
1005 2957 1058 3021 vel
1077 2969 1283 3022 recusantem
1303 2961 1345 3024 ad

196 3057 439 3126 fideicommissi
452 3064 503 3128 vel
516 3063 737 3128 universitatis
750 3063 803 3126 vel
819 3061 969 3146 specialis
985 3061 1183 3126 solutionem
1199 3063 1347 3144 coartari,

196 3183 238 3227 ne
260 3165 416 3246 depereat
431 3168 549 3236 ultima
563 3169 716 3234 voluntas
733 3167 902 3232 testatoris
923 3165 1000 3230 fidei
1014 3165 1145 3232 heredis
1162 3167 1345 3236 commissa.

196 3268 314 3331 eadem
341 3271 505 3336 observari
530 3272 716 3335 censuimus
747 3281 781 3334 et
811 3271 882 3334 sia
912 3269 1072 3351 legatario
1095 3269 1148 3336 vel
1178 3269 1346 3339 fideicom-

195 3371 343 3435 missario
373 3373 497 3455 aliquid
528 3373 678 3436 similiter
707 3372 856 3435 relictum
885 3372 937 3434 sit.
989 3373 1079 3453 quod
1110 3373 1137 3434 si
1167 3373 1202 3451 is,
1226 3395 1249 3437 a
1279 3394 1346 3456 quo

194 3474 344 3539 relictum
360 3477 487 3551 dicitur,
504 3475 700 3540 confiteatur
715 3475 848 3558 quidem
864 3474 988 3555 aliquid
1006 3496 1025 3540 a
1043 3497 1079 3538 se
1096 3474 1246 3540 relictum
1263 3498 1344 3554 esse,

193 3577 252 3641 sed
279 3579 322 3641 ad
349 3579 432 3662 legis
457 3578 676 3662 suptilitatem
701 3579 860 3654 decurrat,
885 3577 1077 3644 omnimodo
1103 3579 1270 3659 cogendus
1295 3590 1345 3644 est

192 3679 330 3744 solvere.

193 3848 237 3918 69.
250 3848 312 3920 pn),
325 3851 373 3907 the
387 3850 506 3908 instituti
525 3851 554 3906 in
571 3869 608 3908 an
626 3851 726 3908 earlier
739 3849 793 3904 will
807 3850 874 3920 (Tit.
891 3863 931 3918 17.
945 3864 961 3920 3
974 3867 1058 3921 supr.,
1078 3849 1145 3921 Dig.
1158 3851 1240 3922 36.1.
1253 3851 1298 3922 30)
1312 3869 1344 3907 or

192 3933 241 3988 the
254 3935 409 3990 coheredes
422 3936 455 3990 oi
464 3937 512 3992 the
526 3935 679 4004 institutus,
694 3933 760 4004 Dig.
774 3935 816 3990 28.
831 3947 853 4004 5.
868 3947 901 4004 35
917 3954 924 4000 ;
942 3933 979 3990 ib.
993 3935 1035 4002 78.
1046 3951 1087 4005 pr.

230 4015 244 4088 ξ
258 4020 299 4072 11.
320 4019 346 4074 lt
360 4036 417 4076 was
430 4035 484 4075 one
497 4019 530 4074 ol
539 4021 587 4076 the
600 4019 767 4076 differences
777 4018 905 4074 between
918 4018 1040 4088 legacies
1053 4018 1110 4074 and
1124 4017 1344 4076 fideicommissa

193 4100 254 4156 that
275 4100 332 4155 this
354 4103 438 4158 could
459 4102 563 4158 nothe
584 4102 658 4158 done
678 4103 716 4171 by
735 4119 834 4158 means
853 4101 886 4156 oi
900 4119 917 4158 a
933 4102 1052 4172 legacy:
1072 4101 1157 4158 ‘item
1175 4119 1192 4156 a
1207 4102 1343 4172 legatario

193 4183 280 4253 legari
293 4201 351 4238 non
364 4195 467 4254 potest,
480 4185 532 4240 sed
549 4183 800 4240 fideicommissum
817 4183 937 4255 relinqui
953 4193 1066 4254 potest:
1085 4184 1241 4255 quinetiam
1258 4185 1295 4240 ab
1308 4201 1343 4242 eo

192 4283 305 4336 quoque
325 4267 369 4322 cui
391 4285 442 4338 per
465 4268 717 4324 fideicommissum
736 4267 920 4338 relinquimus
940 4285 1035 4322 rursus
1057 4269 1104 4322 alii
1127 4285 1178 4338 per
1200 4268 1342 4324 fideicom-

192 4347 311 4404 missum
324 4350 482 4422 relinquere
494 4351 662 4423 possurnus’
676 4349 765 4405 Gaius
779 4349 805 4404 ii.
820 4363 869 4416 27¹
885 4369 891 4404 :
914 4350 950 4404 cl.
964 4349 1020 4404 Tit.
1033 4363 1130 4422 2491.
1144 4349 1193 4408 ini.

229 4433 302 4499 §ln
321 4433 384 4488 The
402 4445 564 4492 enactment
583 4433 707 4490 referred
719 4445 749 4490 to
762 4433 786 4488 is
804 4433 833 4488 in
847 4434 917 4488 Cod.
930 4433 954 4488 6.
969 4448 1011 4500 4²·
1026 4447 1068 4502 32.
1105 4434 1167 4490 The
1185 4433 1341 4506 procedure

192 4513 341 4572 described
354 4516 421 4574 here
433 4535 491 4574 was
503 4527 554 4574 not
566 4517 706 4587 confined,
719 4533 752 4572 as
764 4516 817 4572 has
830 4515 902 4572 been
916 4515 1068 4588 supposed,
1080 4525 1110 4574 to
1123 4519 1171 4576 the
1184 4535 1250 4576 case
1262 4518 1295 4577 oi
1303 4535 1339 4576 en

739 4617 801 4670 Η
