3256 5180
289 362 352 448 526
490 372 592 429 INST
591 373 639 429 IT
641 373 696 430 UT
694 373 773 430 ION
775 373 840 429 UM
857 372 976 428 LIBRI
995 373 1231 445 QUATTUOR.
1324 375 1396 442 [Lib.
1410 382 1469 432 IV.

289 538 427 616 videtur,
450 539 536 603 actio
559 538 675 603 datur:
696 539 798 602 iudex
821 538 908 602 enim
932 549 1124 620 computare
1145 540 1246 604 debet
1268 541 1469 604 mercedes

291 643 428 705 medicis
443 643 617 724 praestitas
633 653 807 724 ceteraque
821 642 998 724 impendia,
1015 662 1100 724 quae
1119 644 1151 706 in
1167 644 1342 706 curatione
1358 644 1469 706 facta

291 753 375 818 sunt,
398 756 568 827 praeterea
591 766 773 828 operarum,
792 745 910 828 quibus
933 746 1036 808 caruit
1058 755 1117 808 aut
1139 746 1303 809 cariturus
1328 757 1384 810 est
1407 747 1467 809 ob

261 856 278 910 2
293 847 326 910 id
341 848 431 929 quod
451 848 573 912 inutilis
596 849 701 912 factus
719 857 777 912 est.
824 847 861 912 Si
879 847 965 911 filius
985 847 1125 910 familias
1147 868 1298 911 seorsum
1314 871 1336 912 a
1353 861 1467 931 patre

291 948 488 1014 habitaverit
511 962 544 1016 et
566 953 646 1034 quid
669 973 713 1016 ex
734 951 891 1014 cenaculo
912 952 982 1014 eius
1004 951 1169 1014 deiectum
1190 950 1383 1015 effusumve
1399 955 1463 1024 sit,

293 1052 362 1115 sive
388 1053 468 1133 quid
494 1055 639 1135 positum
667 1075 902 1136 suspensumve
928 1053 1090 1131 habuerit,
1116 1055 1208 1117 cuius
1235 1074 1334 1118 casus
1364 1057 1463 1136 peri-

293 1155 424 1219 culosus
441 1165 508 1218 est:
533 1157 661 1222 Iuliano
679 1159 803 1241 placuit
825 1160 858 1222 in
879 1168 1009 1240 patrem
1030 1157 1153 1221 nullam
1175 1179 1248 1222 esse
1267 1160 1459 1237 actionem,

293 1258 353 1320 sed
369 1277 444 1321 curn
467 1259 539 1340 ipso
561 1259 628 1326 filio
650 1263 826 1345 agendum.
864 1261 953 1343 quod
977 1271 1012 1325 et
1034 1263 1067 1324 in
1090 1261 1158 1324 filio
1177 1260 1323 1325 familias
1337 1263 1458 1326 iudice

295 1579 351 1634 quo
363 1563 447 1633 vulgo
460 1562 513 1618 iter
525 1563 581 1634 fiet,
594 1565 639 1619 vel
655 1563 684 1618 in
697 1581 753 1635 quo
766 1564 942 1634 consistetur,
956 1564 1097 1620 deiectum
1109 1567 1154 1620 vel
1167 1565 1287 1620 effusum
1301 1566 1377 1637 quid
1391 1567 1457 1636 erit,

295 1655 432 1716 quantum
456 1664 491 1701 ex
515 1664 550 1702 ea
573 1665 603 1702 re
627 1648 764 1702 damnum
788 1648 887 1702 datum
916 1648 1057 1702 factumve
1085 1648 1146 1716 erit,
1172 1648 1200 1702 in
1226 1665 1302 1716 eum,
1329 1651 1382 1719 qui
1415 1650 1457 1704 ibi

295 1729 472 1799 habitaverit,
491 1729 520 1784 in
538 1729 655 1800 duplum
674 1729 808 1785 iudicium
827 1730 916 1784 dabo'
936 1731 1002 1800 Dig.
1015 1745 1040 1800 9.
1053 1746 1077 1798 3.
1094 1746 1116 1784 1.
1128 1748 1169 1801 pr.
1207 1732 1270 1787 The
1288 1731 1391 1786 action
1411 1733 1459 1787 for

295 1813 344 1868 the
357 1831 490 1882 recovery
503 1813 535 1868 of
543 1815 592 1870 the
604 1815 719 1884 penalty
728 1831 785 1868 was
798 1813 941 1884 popularis
954 1813 999 1882 (cf.
1015 1813 1067 1870 Bk.
1081 1813 1098 1869 i.
1112 1814 1154 1868 26.
1169 1829 1184 1882 3
1197 1813 1255 1868 and
1267 1825 1344 1881 note,
1360 1817 1458 1886 supr.)

297 1896 322 1950 if
335 1897 383 1952 the
396 1897 504 1952 offence
517 1896 641 1952 resulted
659 1896 688 1950 in
706 1897 755 1951 the
773 1896 859 1952 death
873 1897 906 1950 of
920 1913 938 1951 a
955 1896 1013 1951 free
1025 1897 1136 1950 man—‘
1144 1897 1300 1951 dummodo
1313 1897 1460 1966 sciamus,

297 1997 331 2036 ex
340 1979 466 2050 pluribus
476 1979 701 2035 desiderantibus
711 1981 781 2035 haec
794 1979 935 2034 actionem
945 1979 970 2035 ei
981 1979 1159 2050 potissimum
1169 1980 1229 2034 dari
1239 1979 1354 2046 debere,
1370 1983 1461 2038 cuius

298 2063 422 2132 interest,
433 2064 477 2119 vel
485 2063 532 2134 qui
543 2064 688 2118 adfinitate
698 2063 902 2133 cognationeve
912 2063 1076 2117 defunctum
1087 2063 1238 2132 contingit’
1252 2063 1318 2134 Dig.
1328 2063 1368 2119 ib.
1383 2078 1406 2134 5.
1419 2079 1436 2135 5
1452 2089 1461 2132 ;

298 2146 354 2202 like
367 2147 450 2217 penal
463 2147 572 2202 actions
591 2145 619 2200 in
638 2147 761 2216 general,
775 2146 795 2200 it
809 2163 865 2200 was
883 2156 932 2201 not
948 2145 1089 2216 passively
1101 2145 1316 2214 transmissible,
1329 2149 1391 2202 and
1404 2150 1461 2204 tbe

247 2273 250 2279 .
298 2229 367 2284 time
386 2229 482 2285 within
501 2229 592 2284 which
612 2229 633 2284 it
651 2229 734 2284 could
753 2229 789 2284 be
806 2230 928 2299 brought
945 2246 1002 2284 was
1021 2229 1130 2284 limited
1148 2239 1178 2284 to
1196 2247 1214 2284 a
1231 2247 1306 2298 year.
1343 2232 1375 2284 Α
1394 2231 1462 2287 free

299 2329 366 2368 man
385 2314 449 2368 who
467 2331 524 2368 was
542 2313 609 2382 only
626 2311 736 2382 injured
757 2312 841 2366 could
863 2329 912 2367 sue
937 2322 965 2366 at
984 2328 1041 2381 any
1058 2313 1155 2382 length
1174 2313 1207 2367 of
1220 2311 1288 2368 time
1307 2312 1383 2367 from
1402 2315 1462 2370 the

300 2413 476 2464 occurrence,
490 2396 547 2450 and
566 2397 594 2450 in
613 2396 683 2450 such
700 2413 780 2450 cases
795 2395 844 2450 the
859 2394 953 2450 action
967 2411 1059 2451 seems
1072 2397 1133 2451 also
1145 2405 1175 2450 to
1188 2396 1259 2450 have
1271 2396 1345 2451 been
1358 2414 1461 2467 popu-

300 2479 366 2534 laris
378 2479 451 2534 fora
469 2497 537 2549 year
550 2499 555 2535 :
573 2480 639 2535 ‘sed
658 2479 681 2533 si
700 2479 788 2534 libero
801 2478 926 2533 nocitum
939 2488 990 2547 est,
1004 2477 1058 2548 ipsi
1070 2489 1207 2549 perpetua
1218 2479 1271 2534 erit
1283 2480 1359 2534 actio
1372 2501 1380 2546 ;
1399 2483 1461 2537 sed

300 2563 324 2618 si
347 2563 417 2618 alius
438 2563 504 2619 velit
528 2563 646 2634 experiri
669 2580 764 2618 annua
785 2561 837 2617 erit
857 2563 927 2617 haec
945 2561 1029 2630 actio,
1048 2579 1102 2617 nec
1123 2562 1199 2617 enim
1217 2563 1370 2617 heredibus
1390 2563 1460 2620 iure

299 2645 470 2701 hereditario
492 2646 634 2716 competit,
652 2646 756 2716 quippe
778 2645 854 2716 quod
873 2645 901 2699 in
920 2662 1036 2714 corpore
1055 2645 1144 2700 libero
1163 2645 1259 2700 damni
1278 2645 1369 2714 datur,
1390 2646 1461 2703 iure

299 2729 470 2783 hereditario
488 2729 607 2784 transire
628 2729 666 2783 ad
688 2745 865 2783 successores
886 2745 944 2782 non
966 2727 1059 2797 debet,
1080 2729 1161 2798 quasi
1180 2746 1238 2784 non
1257 2729 1292 2784 sit
1312 2729 1457 2784 damnum

299 2811 500 2883 pecuniarium,
513 2830 580 2866 nam
593 2830 628 2867 ex
639 2812 716 2865 bono
729 2821 757 2866 et
770 2829 861 2882 aequo
874 2811 975 2866 oritur’
988 2811 1054 2882 Dig.
1067 2813 1120 2867 loc.
1133 2812 1180 2867 cit.

337 2895 366 2948 If
374 2896 423 2950 the
436 2896 568 2966 occupier
579 2896 612 2949 of
620 2896 668 2950 the
680 2896 769 2949 house
780 2913 851 2950 were
864 2906 924 2950 cast
937 2895 966 2949 in
978 2914 1015 2950 an
1028 2896 1103 2951 actio
1112 2897 1149 2950 de
1159 2895 1255 2951 effusis
1265 2896 1310 2950 vel
1322 2895 1458 2964 deiectis,

301 2979 338 3033 he
350 2978 434 3032 could
446 2995 561 3034 recover
573 2978 611 3047 by
623 2976 698 3032 actio
711 2977 739 3031 in
752 2979 858 3032 factum
875 2979 948 3032 from
961 2981 1010 3034 the
1023 2980 1116 3034 actual
1129 2979 1293 3050 delinquent
1306 2981 1401 3034 unless
1413 2979 1458 3036 he

303 3079 375 3116 were
394 3062 438 3116 his
458 3064 534 3118 slave
553 3079 585 3116 or
603 3059 807 3128 filiusfamilias,
819 3059 849 3114 in
863 3061 954 3116 which
973 3079 1039 3118 case
1058 3062 1093 3118 be
1112 3063 1195 3118 could
1212 3064 1321 3134 usually
1333 3080 1390 3134 pay
1402 3063 1458 3120 the

303 3145 440 3216 damages
454 3146 526 3200 from
539 3147 587 3201 the
599 3143 741 3216 peculium
755 3143 823 3214 Dig.
836 3144 873 3200 ib.
889 3158 911 3214 5.
924 3161 950 3213 4.

339 3229 396 3282 For
414 3230 462 3284 the
483 3229 558 3284 actio
579 3227 663 3299 positi
689 3237 737 3284 aut
761 3228 891 3297 suspensi
910 3229 945 3284 cf.
966 3229 1031 3299 Dig.
1052 3244 1077 3299 9.
1092 3245 1115 3298 3.
1132 3229 1183 3300 5-6
1202 3230 1330 3300 ‘praetor
1347 3229 1396 3298 ait,
1414 3245 1457 3285 ne

302 3311 365 3383 quis
384 3312 412 3367 in
432 3314 593 3383 suggrunda
612 3322 774 3383 protectove
793 3329 878 3382 supra
896 3329 959 3367 eum
980 3314 1081 3381 locum,
1095 3330 1151 3384 quo
1164 3315 1248 3384 vulgo
1261 3313 1313 3369 iter
1327 3314 1374 3368 fiet
1387 3313 1456 3367 inve

303 3414 359 3467 quo
378 3397 554 3467 consistetur,
574 3397 603 3452 id
621 3395 745 3468 positum
764 3396 876 3464 habeat,
892 3396 972 3450 cuius
991 3413 1073 3451 casus
1092 3413 1194 3452 nocere
1213 3397 1257 3451 cui
1276 3396 1385 3468 possit;
1404 3396 1455 3466 qui

303 3482 438 3537 adversus
451 3499 486 3536 ea
498 3481 603 3550 fecerit,
617 3479 646 3535 in
659 3497 725 3536 eum
744 3479 897 3534 solidorum
916 3479 1016 3535 decem
1035 3477 1063 3533 in
1082 3480 1188 3534 factum
1207 3479 1341 3534 iudicium
1360 3479 1458 3536 dabo.’

303 3566 365 3621 The
378 3567 472 3621 action
486 3583 542 3620 was
555 3563 707 3635 popularis,
722 3561 787 3631 Dig.
802 3562 838 3617 ib.
852 3576 891 3630 13,
902 3562 959 3616 and
972 3563 1008 3616 its
1021 3563 1123 3632 object,
1132 3563 1247 3618 besides
1259 3564 1308 3618 the
1319 3579 1458 3630 recovery

304 3649 336 3703 of
350 3649 399 3704 the
416 3650 540 3720 penalty,
559 3665 616 3702 was
635 3648 683 3702 the
704 3646 830 3701 removal
850 3645 882 3699 of
899 3646 947 3700 the
969 3644 1085 3715 danger,
1104 3645 1122 3701 i.
1130 3662 1155 3700 e.
1178 3645 1199 3701 it
1218 3647 1271 3716 lay·
1282 3646 1379 3701 before
1397 3662 1457 3714 any

305 3732 427 3801 damage
440 3748 497 3786 was
510 3731 632 3799 actually
645 3731 728 3784 done.

341 3811 396 3882 §a
419 3815 452 3866 In
474 3811 530 3866 this
553 3828 619 3866 case
640 3827 678 3865 no
697 3810 792 3866 action
813 3811 955 3866 whatever
976 3810 1060 3866 could
1078 3811 1114 3865 be
1132 3811 1254 3880 brought
1275 3811 1387 3882 against
1406 3811 1458 3866 the

306 3905 387 3966 pater
400 3895 427 3948 in
441 3895 490 3948 the
503 3893 562 3947 first
573 3893 708 3962 instance,
723 3893 826 3964 ‘neque
836 3895 872 3950 de
881 3894 992 3965 peculio
1002 3911 1094 3965 neque
1107 3897 1250 3949 noxalem’
1264 3895 1330 3966 Dig.
1342 3909 1385 3962 44.
1395 3907 1417 3961 7.
1431 3907 1458 3964 5.

308 3991 331 4048 5,
345 3975 397 4032 ‘de
417 3974 527 4048 peculio
545 3993 603 4030 non
621 3975 712 4044 datur,
732 3976 798 4046 quia
816 3993 873 4032 non
892 3995 926 4033 ex
945 3987 1091 4033 contractu
1110 3977 1202 4033 venit’
1221 3977 1287 4048 Dig.
1306 3994 1331 4047 9.
1352 3994 1377 4046 3.
1394 3993 1415 4033 1.
1429 3990 1456 4044 7.

308 4063 363 4116 But
377 4060 401 4114 if
412 4061 562 4132 judgment
574 4077 647 4114 were
659 4061 810 4114 recovered
830 4059 941 4129 against
960 4062 1008 4115 the
1027 4060 1223 4116 filiusfamilias
1240 4063 1288 4116 the
1306 4071 1387 4132 pater
1398 4077 1458 4116 was

306 4145 391 4201 liable
409 4155 439 4200 to
458 4146 506 4200 the
525 4143 600 4199 actio
618 4142 742 4212 iudicati,
754 4143 812 4197 and
825 4152 899 4198 must
912 4161 969 4214 pay
981 4153 1011 4199 to
1023 4146 1072 4199 the
1085 4153 1180 4200 extent
1193 4145 1226 4200 of
1234 4144 1282 4200 the
1294 4145 1434 4215 peculium
1450 4163 1458 4208 ;
1484 4163 1496 4182 ·

308 4240 337 4286 at
349 4231 420 4285 least
429 4229 485 4285 this
495 4245 552 4282 was
562 4229 611 4283 the
623 4227 682 4281 rule
695 4225 724 4280 in
737 4225 837 4281 delicts
847 4243 967 4298 proper:
987 4227 1135 4298 ‘quotiens
1148 4244 1234 4283 nemo
1247 4226 1458 4283 filiumfamilias

308 4332 342 4370 ex
364 4330 451 4369 causa
470 4310 565 4368 delicti
587 4309 722 4379 defendit,
743 4309 771 4363 in
792 4327 857 4364 eum
878 4309 1012 4366 iudiciuin
1035 4311 1136 4379 datur;
1157 4321 1185 4366 et
1206 4311 1229 4366 si
1252 4313 1459 4366 condemnatus

308 4397 399 4466 hierit,
422 4396 494 4451 filius
520 4395 674 4450 iudicatum
698 4394 791 4451 facere
816 4392 910 4462 debet,
933 4404 1010 4449 tenet
1034 4393 1111 4450 enim
1136 4394 1344 4452 condemnatio
1382 4393 1459 4464 Quin

309 4479 397 4534 immo
415 4479 502 4535 etiam
521 4478 589 4534 illud
608 4477 830 4548 dicendumst,
849 4487 959 4548 patrem
977 4493 1089 4549 quoque
1107 4487 1172 4548 post
1191 4477 1459 4534 condemnationem
