3152 5164
212 405 325 474 Tiora]
342 404 497 476 QUIBUS
517 405 667 462 MODUS
687 405 759 462 IUS
779 405 1047 464 POTESTATIS
1065 397 1361 488 SOLVJTUR.135‘

212 575 336 634 statum
360 569 528 653 recipiunt.
574 570 728 653 Relegati
750 581 861 636 autem
888 581 998 654 patres
1023 571 1055 636 in
1082 571 1222 638 insulam
1246 569 1279 637 in
1302 579 1391 658 po-2

213 681 335 738 testate
358 695 416 738 sua
440 674 560 738 liberos
583 675 743 738 retinent:
768 684 802 739 et
825 677 1030 740 econtrario
1053 677 1145 741 liberi
1168 677 1303 761 relegati
1327 681 1360 742 in

212 786 379 860 potestate
402 789 576 861 parentum
598 786 779 844 remanent.
833 777 963 844 Poenae
985 797 1096 844 servus
1119 781 1254 846 effectus
1276 783 1392 846 filios3

214 883 245 944 in
270 890 438 965 potestate
460 881 582 946 habere
607 882 737 945 desinit.
790 883 874 946 servi
895 892 1006 947 autem
1026 905 1153 966 poenae
1168 885 1359 968 efficiuntur,

213 985 268 1066 qui
284 986 317 1047 in
335 984 504 1050 metallum
521 986 720 1049 damnantur
735 993 769 1049 et
789 986 845 1068 qui
866 986 980 1050 bestiis
1001 987 1213 1052 subiciuntur.
1259 990 1392 1054 Filius4
1411 1021 1416 1030 ·

213 1089 354 1153 familias
376 1090 403 1152 si
428 1089 625 1164 militaverit,
642 1089 694 1153 vel
718 1089 745 1154 si
767 1099 900 1154 senator
919 1091 972 1154 vel
992 1093 1105 1155 consul
1127 1092 1224 1157 suerit
1246 1091 1361 1174 iactus,

214 1206 325 1260 manet
341 1196 373 1260 in
388 1198 490 1279 patris
505 1205 682 1280 potestate.
717 1196 834 1260 militia
850 1198 937 1260 enim
952 1198 1004 1261 vel
1020 1199 1202 1262 consularia
1217 1199 1362 1281 dignitas

212 1299 315 1380 patris
344 1309 512 1382 potestate
542 1300 645 1362 filiurn
676 1319 741 1363 non
772 1300 900 1365 liberat.
955 1301 1014 1364 sed
1048 1322 1091 1364 ex
1129 1303 1362 1367 constitutione

214 1411 326 1466 nostra
347 1424 476 1467 summa
494 1403 684 1486 patriciatus
704 1403 848 1486 dignitas
870 1403 944 1468 ilico
965 1405 1008 1466 ab
1029 1404 1251 1487 imperialibus
1270 1407 1360 1470 codi-

213 1504 295 1568 cillis
314 1506 478 1588 praestitis
495 1528 516 1569 a
536 1507 642 1589 patria
661 1515 828 1590 potestate
848 1506 974 1570 liberat.
1020 1509 1092 1589 quis
1114 1509 1201 1572 enim
1217 1509 1362 1591 patiatur

212 1617 341 1690 patrem
357 1609 492 1690 quidem
515 1630 612 1692 posse
634 1630 693 1692 per
712 1609 981 1692 emancipationis
1000 1612 1136 1676 modum
1155 1631 1233 1675 suae
1251 1621 1361 1694 potes-

212 1713 291 1774 tatis
306 1713 446 1776 nexibus
462 1712 564 1776 filium
577 1713 735 1790 relaxare,
747 1713 990 1796 imperatoriam
1006 1724 1118 1777 autem
1133 1714 1360 1780 celsitudinem

213 1834 279 1877 non
301 1814 411 1878 valere
434 1833 509 1878 eum
534 1835 632 1898 quem
659 1817 721 1880 sibi
747 1826 876 1899 patrem
899 1813 998 1898 elegit
1021 1817 1063 1880 ab
1086 1816 1193 1881 aliena
1215 1820 1361 1883 eximere

212 1915 401 1999 potestate?
442 1917 480 1982 Si
509 1917 552 1982 ab
589 1917 740 1982 hostibus
777 1928 893 2001 captus
923 1919 1020 1983 suerit
1052 1939 1179 2002 parens,
1210 1922 1392 2002 quamvis5

213 2039 325 2084 servus
346 2020 491 2085 hostium
514 2023 581 2099 hat,
599 2031 712 2087 tamen
732 2023 856 2105 pendet
883 2022 932 2086 ius
956 2021 1134 2086 liberorum
1155 2033 1290 2107 propter
1312 2025 1361 2089 ius

211 2123 422 2206 postliminii:
453 2127 530 2208 quia
559 2125 605 2203 hi,
632 2128 687 2209 qui
714 2127 757 2191 ab
787 2126 937 2191 hostibus
964 2126 1051 2209 capti
1078 2137 1164 2204 sunt,
1187 2127 1214 2190 si
1241 2131 1359 2192 reversi

213 2342 379 2396 anomalous
410 2359 499 2411 cases,
525 2343 662 2410 however,
687 2342 735 2397 the
760 2353 841 2412 pater
865 2359 922 2397 was
948 2340 1083 2412 deprived
1110 2341 1144 2397 os
1164 2339 1209 2398 bis
1234 2353 1361 2413 potestas

213 2443 244 2481 as
263 2443 282 2481 a
299 2425 490 2495 punishment,
504 2425 620 2481 without
638 2428 688 2482 the
706 2425 783 2480 child
802 2425 888 2495 being
906 2425 999 2496 capite
1012 2425 1155 2480 minutus:
1174 2444 1199 2480 e.
1207 2441 1235 2496 g.
1253 2427 1297 2481 for
1314 2444 1360 2482 ex·

212 2509 314 2582 posing
335 2508 379 2562 bis
402 2507 537 2578 children,
561 2509 632 2564 Cod.
648 2510 673 2564 8.
692 2522 733 2579 52.
750 2524 775 2578 2,
796 2509 839 2563 for
860 2509 1032 2580 compelling
1052 2509 1131 2564 them
1156 2519 1186 2564 to
1210 2509 1360 2580 prostituta

212 2593 391 2662 themselves,
412 2592 481 2648 Cod
498 2607 537 2647 11.
551 2607 593 2659 40.
608 2593 633 2662 6,
650 2594 708 2648 and
727 2593 770 2647 ior
788 2591 965 2662 contracting
977 2609 1014 2646 an
1027 2591 1190 2647 incestuous
1208 2592 1359 2663 marriage,

213 2679 384 2732 Nov.12.2.

247 2761 307 2828 §a
325 2757 494 2829 Relegation
514 2777 571 2816 was
592 2759 774 2816 banishment
799 2760 975 2816 unattended
997 2759 1063 2814 with
1085 2777 1142 2830 any
1162 2761 1220 2815 loss
1243 2760 1276 2814 oi
1293 2759 1358 2814 civil

212 2843 316 2914 rights:
331 2843 462 2913 ‘relegati
476 2843 504 2898 in
518 2843 639 2898 insulam
652 2844 680 2898 in
694 2853 835 2915 potestate
847 2861 914 2898 suos
927 2843 1031 2898 liberos
1044 2843 1174 2913 retinent,
1185 2843 1251 2914 quia
1264 2853 1292 2898 et
1302 2844 1358 2900 alia

212 2928 309 2984 omnia
326 2927 387 2982 iura
405 2944 458 2981 sua
475 2927 615 2982 retinent:
636 2937 747 2983 tantum
765 2927 841 2982 enim
860 2927 953 2982 insula
971 2926 1011 2981 eis
1030 2927 1126 2996 egredi
1145 2943 1203 2981 non
1221 2926 1308 2982 licet:
1331 2939 1359 2983 et

211 3015 288 3068 bona
306 3027 418 3083 quoque
437 3028 489 3066 sua
507 3011 603 3066 omnia
618 3011 739 3066 retinent
755 3021 868 3081 praeter
885 3028 928 3078 ea,
941 3009 965 3065 si
984 3027 1058 3081 quae
1074 3011 1115 3066 eis
1128 3010 1264 3080 adempta
1276 3011 1358 3065 sunt'

215 3097 279 3166 Dig.
293 3097 336 3162 48.
350 3110 392 3150 aa.
406 3107 430 3162 7.
444 3109 503 3162 2-4
532 3096 571 3150 So
584 3105 631 3150 too
645 3095 721 3151 Ovid
734 3113 799 3164 says
814 3094 909 3164 (Trist.
922 3107 948 3160 4.
962 3109 985 3163 gt
1001 3093 1042 3163 11)
1057 3093 1195 3150 ‘Omnia.
1210 3135 1218 3150 .
1231 3133 1238 3150 .
1252 3095 1361 3150 Caesar

211 3179 280 3236 mihi
294 3179 355 3234 iura
366 3177 486 3250 reliquit,
500 3181 538 3234 Et
552 3179 615 3234 sola
627 3189 671 3234 est
683 3178 777 3249 patria
789 3195 883 3248 poena
896 3194 992 3232 carere
1006 3179 1088 3232 mea!

249 3266 305 3332 §a
325 3264 382 3317 For
399 3263 448 3317 the
461 3279 570 3332 poenae
589 3279 687 3316 servus
706 3279 755 3316 see
773 3279 811 3316 on
828 3261 882 3316 Tit
898 3275 923 3329 3.
936 3273 954 3326 4
967 3277 1041 3330 supr.
1081 3261 1151 3316 Loss
1171 3260 1203 3314 os
1218 3260 1320 3330 liberty
1332 3259 1365 3315 oi

212 3365 311 3404 course
328 3345 453 3401 entailed
471 3345 529 3399 loss
548 3345 581 3398 oi
595 3344 768 3413 citizenship,
782 3344 907 3398 whether
919 3344 967 3397 the
986 3352 1093 3398 master
1106 3361 1178 3398 were
1192 3343 1317 3414 ‘poena'
1329 3357 1362 3398 or

212 3449 269 3501 any
281 3447 335 3486 one
348 3431 415 3498 else,
429 3428 483 3483 Tit.
501 3428 540 3483 16.
558 3443 568 3481 r
585 3427 635 3481 ini.

248 3516 306 3583 §4.
325 3514 419 3567 There
437 3510 496 3565 had
514 3510 618 3580 always
637 3510 711 3564 been
730 3507 837 3564 certain
856 3507 998 3578 dignities,
1014 3509 1054 3578 by
1073 3511 1121 3564 the
1139 3509 1309 3566 attainment
1332 3508 1366 3564 oi

213 3599 304 3654 which
329 3613 347 3651 a
371 3594 448 3650 child
474 3593 502 3648 in
524 3611 619 3664 power
641 3609 698 3646 was
721 3591 850 3648 released
874 3591 1026 3647 thereirom
1047 3591 1163 3647 without
1185 3593 1362 3664 undergoing

212 3681 313 3753 capitis
324 3677 480 3735 deminutio
493 3697 499 3734 :
517 3678 583 3732 thus
596 3695 614 3732 a
627 3693 679 3732 son
690 3677 753 3730 who
765 3676 883 3731 became
896 3675 1000 3730 flamen
1012 3673 1113 3744 Dialis,
1121 3675 1179 3729 and
1192 3693 1210 3729 a
1222 3675 1362 3744 daughter

212 3767 275 3820 who
294 3765 412 3819 became
433 3761 513 3831 virgo
535 3761 658 3816 Vestalis
682 3759 783 3831 (Gaius
802 3758 914 3828 iii.114,
933 3758 952 3812 i.
971 3757 1031 3827 130)
1052 3775 1125 3812 were
1141 3758 1270 3813 released
1288 3757 1361 3812 from

212 3866 314 3920 power,
327 3847 435 3918 though
448 3846 505 3902 still
517 3845 676 3915 remaining
686 3839 831 3899 'rnembers
844 3843 878 3898 oi
886 3841 960 3898 their
973 3843 1020 3897 old
1033 3841 1147 3912 agnatic
1159 3841 1264 3912 family.
1298 3841 1361 3898 The

213 3931 363 3988 Patriciate
376 3932 409 3986 oi
417 3931 465 3986 the
479 3931 550 3986 later
563 3929 679 4000 Empire
696 3945 790 3984 seems
808 3937 839 3982 to
857 3928 930 3982 have
943 3926 1103 3997 originated
1116 3925 1145 3981 in
1158 3928 1207 3982 the
1220 3925 1269 3980 old
1281 3942 1361 3997 prac-

212 4015 268 4072 tice
286 4016 318 4070 οἱ
332 4015 437 4084 calling
448 4031 567 4085 persons
586 4013 618 4067 oi
633 4012 782 4068 advanced
795 4029 848 4082 age
861 4021 985 4082 pateras
999 4028 1017 4066 a
1030 4010 1214 4081 compliment
1228 4025 1261 4064 or
1274 4009 1360 4066 token

213 4099 246 4154 oi
260 4109 379 4168 respect,
399 4099 521 4166 Horace,
540 4100 592 4168 Ep.
606 4097 624 4152 i.
637 4097 664 4154 6.
678 4109 773 4166 54-55,
794 4095 883 4166 Νέρων
896 4137 902 4151 .
917 4136 924 4151 .
939 4137 945 4151 .
958 4096 1058 4166 πατέρα
1075 4096 1153 4149 αὐτὸν
1170 4094 1210 4148 del
1229 4091 1361 4162 ὀνομάζων

214 4181 272 4238 Dio
283 4183 362 4238 Cass.
371 4181 414 4250 63.
423 4195 462 4250 17,
476 4181 527 4236 ‘ad
539 4181 694 4252 Ulpianum
707 4181 882 4252 praefectum
895 4179 1037 4250 praetorio
1050 4189 1079 4234 et
1091 4188 1239 4249 parentem
1250 4179 1361 4231 meum’

213 4265 374 4322 Alexander
392 4266 420 4322 in
441 4265 509 4321 Cod
524 4279 550 4333 4.
563 4266 644 4335 65.4
682 4265 800 4321 Besides
817 4266 866 4320 the
887 4265 1047 4332 Patriciate‚
1065 4261 1207 4334 Justinian
1226 4261 1361 4318 attached

212 4350 269 4406 this
281 4350 364 4404 effect
377 4350 438 4404 also
450 4359 480 4404 to
492 4348 632 4404 elevation
645 4359 675 4403 to
687 4349 793 4419 sundry
801 4350 883 4406 other
896 4347 964 4418 high
976 4346 1118 4418 dignities,
1131 4345 1284 4418 especially
1299 4345 1360 4402 that

213 4435 245 4491 ol
254 4435 352 4489 consul
365 4433 422 4489 and
434 4433 545 4505 bishop,
560 4435 587 4488 N
590 4451 635 4488 ov.
648 4434 690 4488 81.
704 4450 745 4504 pr.
759 4447 784 4501 3.

247 4522 275 4576 5.
295 4519 357 4574 The
376 4517 419 4574 ius
437 4517 602 4589 postliminii
615 4534 672 4573 was
685 4533 722 4572 an
736 4515 894 4572 institution
907 4515 946 4586 by
958 4513 1050 4571 which
1062 4513 1152 4585 rights
1165 4513 1256 4571 which
1270 4513 1360 4572 under
