3286 5144
300 428 362 518 358
501 433 852 493 INSTITUTJONUM
869 433 988 488 LIBRI
1007 431 1242 505 QUATTUOR.
1330 434 1451 500 [nutu.

299 605 350 670 his
382 603 492 689 palam
523 613 574 669 est
609 600 809 684 intellegere,
838 598 1120 682 quemadmodum
1151 597 1288 664 ulterius
1318 619 1452 682 quoque

298 710 420 792 gradus
441 727 613 770 numerare
632 705 812 769 debemus:
836 704 958 786 quippe
979 723 1110 786 semper
1123 712 1281 784 generata
1299 722 1452 784 quaeque

298 831 438 894 persona
453 808 592 893 gradum
607 808 739 883 adiciat,
756 816 793 870 ut
808 805 906 889 longe
921 805 1049 872 facilius
1065 806 1108 870 sit
1124 806 1331 889 respondere,
1347 815 1452 889 quoto

298 917 438 999 quisque
449 915 553 997 gradu
566 914 617 987 sit,
628 932 728 996 quam
740 913 872 994 propria
883 911 1088 993 cognationis
1100 909 1323 994 appellatione
1334 930 1452 992 quem·

269 1039 400 1102 gquam
426 1017 593 1080 denotare.
644 1014 869 1098 Adgnationis
895 1035 1026 1097 quoque
1052 1015 1174 1096 gradus
1204 1013 1322 1076 eodem
1350 1015 1451 1078 modo

268 1129 523 1202 9numerantur.
568 1119 636 1184 Sed
660 1139 734 1182 cum
758 1119 864 1200 magis
885 1119 1005 1182 veritas
1031 1117 1162 1182 oculata
1185 1117 1251 1181 fide
1273 1138 1374 1200 quam
1393 1139 1452 1201 per

298 1247 394 1291 aures
418 1225 537 1289 animis
563 1223 735 1287 hominum
763 1222 916 1305 infigitur,
942 1224 1018 1286 ideo
1045 1223 1264 1286 necessarium
1291 1223 1450 1288 duximus

299 1338 376 1413 post
396 1328 617 1393 narrationem
638 1327 801 1408 graduum
823 1327 924 1391 etiam
945 1345 1001 1390 eos
1021 1327 1187 1409 praesenti
1207 1325 1291 1389 libro
1306 1326 1450 1402 inscribi,

300 1441 463 1514 quatenus
483 1431 612 1513 possint
634 1438 668 1493 et
690 1429 822 1493 auribus
845 1437 879 1493 et
902 1429 1105 1512 inspectione
1127 1427 1356 1493 adulescentes
1377 1451 1450 1513 per-

299 1535 513 1600 fectissimam
537 1533 700 1616 graduum
731 1533 916 1595 doctrinam
946 1532 1093 1616 adipisci.
1140 1530 1258 1615 (Locus
1289 1534 1324 1597 in
1348 1533 1451 1596 codice

300 1638 515 1720 ritanuscripto
551 1657 671 1702 vacuus
698 1636 759 1717 qui
782 1635 985 1718 genealogica
1016 1638 1183 1700 stemmati
1202 1636 1324 1718 suerat
1350 1637 1450 1700 desti·

300 1741 421 1829 natus.)

254 1853 287 1907 10
344 1847 431 1912 Illud
448 1856 573 1912 certum
590 1855 641 1911 est
656 1845 698 1909 ad
714 1842 846 1909 serviles
861 1845 1075 1928 cognationes
1091 1845 1181 1910 illam
1197 1855 1324 1930 partem
1340 1847 1451 1926 edicti,

299 1971 365 2034 qua
388 1950 610 2034 proximitatis
631 1949 765 2012 nomine
784 1948 945 2012 bonorum
966 1951 1131 2032 possessio
1151 1951 1362 2032 promittitur,
1384 1971 1450 2014 non

298 2056 482 2136 pertinere:
510 2072 586 2117 nam
617 2072 677 2116 nec
707 2050 774 2114 ulla
800 2052 935 2134 antiqua
965 2052 1038 2135 lege
1067 2053 1143 2118 talis
1174 2055 1328 2136 cognatio
1359 2073 1451 2118 com·

298 2159 489 2242 putabatur.
520 2156 578 2223 sed
595 2166 706 2220 nostra
721 2154 965 2231 constitutione,
978 2177 1079 2239 quam
1094 2177 1154 2240 pro
1170 2157 1239 2222 iure
1253 2167 1451 2241 patronatus

279 2262 436 2328 'lecimus
460 2258 563 2347 (quod
586 2262 636 2326 ius
660 2281 765 2343 usque
791 2261 834 2323 ad
862 2271 973 2326 nostra
997 2271 1147 2344 tempora
1169 2263 1249 2328 satis
1272 2263 1450 2328 obscurum

298 2376 399 2449 atque
429 2366 516 2429 nube
550 2364 686 2448 plenum
717 2372 750 2428 et
785 2364 931 2446 undique
965 2365 1138 2430 confusum
1173 2363 1293 2451 fuerat)
1323 2375 1356 2431 et
1386 2365 1450 2431 hoc

298 2468 505 2534 humanitate
528 2477 725 2550 suggerente
745 2468 975 2544 concessimus,
995 2478 1032 2532 ut
1053 2469 1080 2533 si
1095 2470 1169 2551 quis
1190 2469 1223 2532 in
1243 2469 1351 2534 servili
1373 2489 1451 2533 con·

299 2573 400 2636 sortio
423 2571 621 2636 constitutus
642 2570 780 2634 liberum
802 2569 856 2634 vel
878 2570 998 2636 liberos
1020 2571 1173 2636 habuerit
1192 2573 1261 2637 sive
1284 2593 1328 2636 ex
1347 2571 1451 2637 libera

299 2676 368 2740 sive
390 2676 514 2740 servilis
540 2675 742 2739 condicionis
767 2675 911 2750 muliere,
936 2675 988 2740 vel
1013 2687 1128 2741 contra
1150 2697 1243 2742 serva
1266 2677 1383 2741 mulier
1404 2699 1450 2741 ex

298 2777 401 2842 libero
424 2777 476 2841 vel
504 2797 597 2842 servo
623 2777 776 2842 habuerit
804 2777 923 2843 liberos
950 2780 1185 2869 cuiuscumque
1214 2801 1323 2856 sexus,
1345 2791 1379 2845 et
1405 2781 1449 2844 ad

298 2881 488 2946 libertatem
508 2881 559 2946 his
581 2883 846 2965 pervenientibus
868 2891 901 2946 et
921 2882 964 2958 hi,
981 2885 1037 2966 qui
1059 2905 1103 2947 ex
1124 2884 1231 2949 servili
1250 2894 1364 2949 ventre
1380 2887 1450 2950 nati

299 2995 385 3064 sunt,
409 2983 596 3050 libertatem
619 2993 816 3061 meruerunt,
839 2986 891 3050 vel
914 2987 994 3050 dum
1020 2987 1173 3052 mulieres
1197 2987 1320 3052 liberae
1347 3001 1450 3070 erant,

300 3089 362 3172 ipsi
393 3089 426 3152 in
456 3088 648 3153 servitutem
680 3107 736 3152 eos
766 3088 952 3155 habuerunt
978 3099 1012 3154 et
1040 3101 1157 3174 postea
1187 3092 1230 3156 ad
1261 3092 1450 3158 libertatem

299 3202 527 3276 pervenerunt,
558 3201 595 3256 ut
624 3189 659 3254 hi
690 3210 805 3256 omnes
835 3192 878 3256 ad
909 3195 1150 3259 successionem
1179 3195 1231 3260 vel
1262 3197 1367 3279 patris
1396 3197 1450 3261 vel

300 3301 414 3365 matris
428 3300 571 3374 veniant,
587 3307 781 3384 patronatus
803 3300 872 3363 iure
893 3300 926 3362 in
940 3299 1003 3365 hac
1023 3311 1119 3385 parte
1134 3301 1260 3384 sopito:
1283 3301 1345 3366 hos
1361 3302 1449 3365 enim

298 3403 420 3468 liberos
449 3422 515 3466 non
547 3402 654 3467 solum
681 3403 714 3466 in
740 3425 874 3468 suorum
898 3405 1085 3487 parentium
1112 3405 1364 3481 successionem,
1390 3405 1449 3469 sed

298 3507 398 3572 etiam
426 3507 567 3571 alterum
592 3508 625 3570 in
651 3505 786 3572 alterius
815 3518 965 3572 mutuam
988 3510 1228 3573 successionem
1250 3509 1449 3587 vocavimus,

299 3632 342 3675 ex
373 3610 429 3675 illa
460 3610 533 3694 lege
563 3611 750 3695 specialiter
775 3633 831 3677 eos
860 3621 1026 3690 vocantes,
1052 3613 1121 3676 sive
1151 3611 1211 3676 soli
1242 3613 1451 3676 inveniantur

298 3715 404 3799 quiin
425 3717 582 3780 servitute
605 3717 673 3779 nati
694 3725 727 3780 et
747 3725 863 3798 postea
888 3717 1080 3781 manumissi
1102 3724 1187 3793 sunt,
1208 3716 1278 3781 sive
1293 3736 1358 3779 una
1373 3737 1449 3782 cum

298 3820 380 3898 aliis,
410 3821 467 3903 qui
497 3828 573 3903 post
602 3818 789 3884 libertatem
814 3821 999 3904 parentium
1027 3821 1178 3903 concepti
1208 3829 1285 3885 sunt
1308 3823 1376 3884 sive
1405 3841 1450 3884 ex

246 3923 248 3928 ’
299 3923 415 3987 eadem
440 3933 545 3987 matre
564 3921 617 3986 vel
641 3922 758 3986 eodem
777 3932 871 4007 patre
893 3924 961 3988 sive
984 3943 1028 3986 ex
1048 3923 1122 3987 aliis
1146 3925 1278 4006 nuptiis,
1298 3925 1341 3987 ad
1361 3924 1450 3989 simi·

299 4026 472 4091 litudinem
489 4047 602 4090 eorum
618 4027 674 4108 qui
690 4046 734 4090 ex
750 4027 845 4092 iustis
860 4027 982 4111 nuptiis
996 4029 1158 4110 procreati
1175 4037 1261 4093 sunt.

333 4217 393 4269 ute
406 4217 463 4268 VI.
478 4211 492 4283 ξ
506 4215 535 4268 9.
555 4215 612 4267 For
626 4229 644 4267 a
660 4213 853 4282 genealogical
872 4215 948 4270 table
963 4213 1120 4285 exhibiting
1138 4215 1186 4270 the
1204 4214 1322 4284 degrees
1340 4215 1373 4270 of
1385 4232 1450 4285 cog-

300 4295 398 4352 nation
412 4313 461 4353 see
475 4297 609 4351 Hunter’s
623 4297 734 4352 Roman
750 4297 816 4352 Law
828 4314 854 4368 p.
868 4298 930 4368 651.

335 4377 407 4449 510.
436 4379 477 4434 Cf.
493 4377 559 4449 Dig.
573 4379 614 4448 38.
637 4379 826 4435 8.1.2‘nec
855 4381 931 4436 enirn
956 4380 1038 4436 facile
1056 4381 1114 4436 ulla
1133 4379 1241 4437 servilis
1258 4379 1369 4436 videtur
1387 4399 1451 4438 esse

299 4461 431 4531 cognatio
442 4463 459 4528 ς’
481 4479 513 4517 so
526 4471 583 4532 too,
597 4461 625 4518 in
640 4462 706 4531 Dig.
717 4463 761 4530 38.
777 4478 815 4518 to
834 4479 873 4520 10.
890 4477 912 4534 5,
926 4463 947 4519 it
960 4463 984 4519 is
996 4464 1058 4519 said
1071 4465 1141 4534 that,
1153 4465 1261 4534 though
1275 4465 1382 4533 loosely
1395 4481 1451 4521 one

300 4561 366 4614 may
382 4545 470 4616 speak
483 4545 516 4600 ol
525 4545 617 4602 slaves
630 4563 663 4602 as
675 4545 762 4619 being
774 4546 823 4602 kin
839 4557 936 4604 tuone
952 4547 1079 4617 another,
1093 4547 1146 4606 ‘ad
1161 4547 1238 4620 leges
1256 4547 1370 4605 serviles
1384 4563 1451 4620 cog·
