3266 5188
295 349 359 420 510
497 345 845 404 rrvsrmvrlorvorr
862 345 981 402 amm
1000 346 1235 419 QoArruon.
1330 347 1454 414 [new.

268 527 281 580 1
297 535 397 597 quam
414 516 469 598 qui
485 516 570 580 clam
589 523 731 596 amovet,
766 514 853 596 Quia
873 523 985 579 tamen
1004 516 1049 578 ita
1070 516 1230 598 competit
1250 514 1332 579 haec
1347 517 1449 590 actio,

296 619 323 682 si
348 619 426 682 dolo
454 619 541 683 malo
572 620 710 702 quisque
740 618 903 700 rapuerit:
934 619 989 699 qui
1017 619 1127 701 aliquo
1158 637 1265 682 errore
1291 619 1450 682 inductus

297 743 391 786 suam
416 745 485 787 rem
514 744 585 786 esse
612 732 646 787 et
677 722 867 804 imprudens
893 722 970 785 iuris
1000 743 1039 785 eo
1065 723 1177 786 animo
1204 723 1321 804 rapuit,
1350 722 1449 804 quasi

297 826 432 891 domino
448 827 545 890 liceat
565 846 634 889 rem
656 845 751 888 suam
770 826 871 888 etiam
892 845 951 907 per
964 826 1031 889 vim
1052 826 1177 888 auferre
1192 825 1447 908 possessoribus,

296 929 424 993 absolvi
451 930 561 993 debet.
608 929 658 994 cui
684 928 807 993 scilicet
837 929 1033 992 conveniens
1064 939 1114 993 est
1143 950 1203 993 nec
1230 927 1308 992 furti
1340 929 1447 992 teneri

298 1054 384 1107 eum,
407 1033 463 1115 qui
487 1033 605 1096 eodem
628 1032 691 1095 hoc
714 1034 825 1096 animo
848 1034 967 1115 rapuit.
1014 1033 1072 1098 sed
1097 1053 1147 1109 ne,
1173 1034 1253 1097 dum
1278 1033 1358 1096 talia
1384 1053 1446 1096 ex·

298 1138 492 1218 cogitentur,
515 1136 699 1200 inveniatur
721 1137 784 1213 via,
808 1157 868 1218 per
892 1158 992 1219 quam
1018 1146 1166 1220 raptores
1192 1137 1326 1218 impune
1349 1157 1446 1200 suam

298 1250 477 1304 exerceant
507 1240 696 1303 avaritiam:
729 1240 846 1304 melius
876 1240 1038 1304 divalibus
1068 1241 1355 1306 constitutionibus
1385 1261 1447 1323 pro

298 1344 359 1408 hac
387 1353 481 1426 parte
511 1354 723 1426 prospectum
748 1347 809 1419 est,
837 1353 873 1409 ut
899 1347 1021 1411 nemini
1047 1345 1145 1409 liceat
1169 1347 1200 1410 vi
1231 1366 1345 1427 rapere
1375 1365 1447 1408 rem

299 1449 456 1512 mobilem
471 1449 523 1514 vel
539 1470 575 1513 se
594 1458 792 1528 moventem,
808 1448 885 1514 licet
905 1471 999 1513 suam
1015 1451 1155 1514 eandem
1172 1470 1241 1513 rem
1258 1449 1446 1513 existimet:

298 1554 357 1618 sed
383 1555 410 1616 si
436 1556 508 1636 quis
534 1563 647 1616 contra
669 1563 795 1617 statuta
820 1553 940 1632 fecerit,
966 1555 1011 1617 rei
1037 1554 1171 1636 quidem
1194 1573 1272 1617 suae
1298 1553 1449 1616 dominio

298 1658 425 1734 cadere,
447 1659 497 1721 sin
520 1668 632 1722 autem
656 1657 762 1720 aliena
781 1659 832 1736 sit,
855 1668 931 1740 post
955 1659 1198 1722 restitutionem
1223 1659 1323 1721 etiam
1347 1659 1450 1721 aesti-

299 1762 477 1825 mationem
490 1762 637 1824 eiusdem
650 1761 695 1823 rei
711 1770 887 1842 praestare.
921 1763 1010 1844 quod
1025 1782 1090 1826 non
1102 1763 1208 1824 solum
1224 1762 1257 1824 in
1270 1760 1449 1824 mobilibus

250 1879 255 1890 ’
299 1866 405 1943 rebus,
428 1885 512 1947 quae
537 1865 606 1946 rapi
630 1873 777 1945 possunt,
796 1865 1048 1929 constitutiones
1071 1865 1218 1948 optinere
1241 1873 1450 1941 censuerunt,

299 1968 474 2034 sedetiam
495 1969 529 2030 in
544 1967 774 2043 invasionibus,
791 1988 876 2048 quae
896 1969 980 2032 circa
1002 1989 1052 2032 res
1073 1967 1134 2031 soli
1152 1967 1243 2045 fiunt,
1258 1977 1295 2030 ut
1317 1988 1360 2030 ex
1383 1965 1449 2030 hac

269 2084 397 2138 2causa
421 2072 510 2134 omni
528 2071 642 2154 rapina
664 2069 815 2134 homines
835 2070 1034 2135 abstineant.
1080 2071 1119 2134 In
1143 2071 1206 2135 hac
1228 2072 1357 2135 actione
1380 2091 1450 2133 non

246 2233 254 2244 .
300 2179 414 2258 utique
438 2184 650 2257 exspectatur
679 2195 748 2236 rem
777 2176 810 2239 in
835 2176 930 2240 bonis
954 2176 1074 2240 actoris
1101 2195 1192 2240 esse:
1215 2195 1292 2239 nam
1319 2175 1387 2238 sive
1413 2175 1449 2237 in

298 2265 394 2346 bonis
425 2281 467 2344 sit
491 2281 559 2343 sive
588 2300 654 2342 non
684 2278 735 2356 sit,
760 2279 786 2342 si
811 2289 923 2344 tamen
952 2302 996 2344 ex
1025 2280 1121 2344 bonis
1149 2281 1200 2354 sit,
1229 2279 1337 2344 locum
1364 2277 1450 2342 haec

299 2387 386 2449 actio
404 2384 550 2448 habebit.
595 2404 696 2467 quare
717 2384 785 2447 sive
804 2380 1016 2449 comniodata
1037 2385 1104 2448 sive
1125 2383 1233 2448 locata
1255 2383 1323 2447 sive
1346 2383 1449 2446 etiam

299 2641 382 2710 penal
395 2657 452 2694 was
465 2639 550 2704 utilis,
565 2639 630 2710 Dig.
643 2654 684 2708 47.
699 2642 724 2695 8.
738 2655 763 2696 2.
780 2655 810 2708 13
823 2659 830 2706 ;
848 2639 892 2693 lor
909 2639 957 2694 the
970 2639 1150 2709 explanation
1163 2639 1196 2693 of
1204 2640 1252 2693 the
1265 2648 1336 2693 term
1349 2654 1397 2692 see
1410 2653 1450 2692 on

299 2723 351 2778 Bk.
366 2722 402 2777 iii.
417 2739 442 2792 9.
455 2738 472 2791 9
485 2740 558 2792 supr.
595 2725 641 2777 All
660 2722 819 2792 praetorian
839 2723 923 2793 penal
941 2721 1050 2778 actions
1071 2723 1127 2777 had
1143 2723 1190 2778 the
1203 2740 1282 2777 same
1296 2723 1373 2776 short
1386 2737 1451 2792 pre-

299 2805 433 2874 scription
454 2815 553 2874 except
573 2807 635 2860 that
654 2805 719 2860 lurti
741 2805 892 2874 manifesti,
914 2805 1006 2859 which
1026 2823 1083 2860 was
1103 2816 1240 2876 perpetua
1258 2806 1380 2860 because
1399 2805 1452 2860 the

299 2889 414 2958 penalty
438 2889 557 2957 thereby
581 2889 760 2943 recoverable
785 2905 842 2942 was
868 2887 1038 2943 substituted
1062 2889 1105 2942 for
1129 2888 1232 2958 capital
1257 2888 1452 2958 punishment,

300 2971 388 3028 Gaius
402 2973 436 3026 iv.
454 2985 512 3036 110,
529 2985 586 3040 111,
599 2969 655 3026 Tit.
672 2986 711 3026 12.
724 2987 765 3040 pr.
778 2970 827 3026 inl.
864 2971 926 3025 The
939 2969 1001 3024 heir
1013 2971 1046 3025 oi
1057 2973 1105 3026 the
1118 2971 1221 3026 robber
1232 2989 1289 3026 was
1302 2981 1352 3026 not
1364 2969 1452 3028 liable

299 3065 329 3110 to
342 3055 415 3109 actio
428 3055 567 3108 bonorum
580 3053 606 3108 vi
620 3064 763 3124 raptorum
776 3053 805 3108 in
822 3071 878 3122 any
891 3070 964 3122 case,
979 3054 1087 3124 though
1100 3055 1137 3109 he
1150 3072 1207 3110 was
1221 3055 1319 3110 suable
1330 3055 1369 3122 by
1381 3071 1451 3108 con-

300 3137 386 3194 dictio
405 3149 435 3194 to
454 3138 501 3192 the
520 3147 615 3192 extent
634 3148 663 3192 to
677 3137 767 3192 which
787 3137 834 3193 the
854 3136 1027 3192 inheritance
1045 3138 1103 3192 had
1116 3139 1190 3192 been
1203 3137 1338 3194 enricbed
1350 3138 1388 3206 by
1401 3137 1452 3194 the

299 3221 435 3292 proceeds
447 3221 479 3275 os
487 3221 535 3276 the
549 3238 644 3290 wrong
656 3239 661 3276 :
679 3220 829 3276 ‘adversus
842 3221 961 3276 heredes
972 3231 1067 3276 autern
1076 3223 1121 3276 vel
1133 3231 1260 3276 caeteros
1271 3236 1451 3276 successores

300 3320 357 3360 non
370 3304 489 3372 dabitur,
503 3304 569 3376 quia
582 3304 709 3374 poenalis
722 3304 796 3360 actio
810 3304 838 3358 in
851 3322 900 3358 eos
913 3322 970 3358 non
985 3305 1074 3360 datur.
1111 3307 1157 3358 An
1170 3314 1266 3360 tamen
1280 3303 1308 3358 in
1322 3303 1359 3373 id,
1373 3303 1452 3374 quod

300 3388 497 3458 locupletiores
510 3388 576 3444 facti
590 3399 663 3456 sunt,
672 3387 732 3443 dari
742 3389 854 3457 debeat,
864 3387 1019 3444 videamus.
1039 3397 1066 3441 et
1077 3405 1130 3457 ego
1140 3397 1208 3457 puto
1217 3386 1281 3442 ideo
1291 3397 1453 3457 praetorem

301 3489 357 3526 non
377 3489 440 3527 esse
456 3471 612 3542 pollicitum
630 3472 658 3526 in
675 3472 795 3527 heredes
811 3471 840 3526 in
858 3470 887 3526 id
904 3471 980 3542 quod
997 3470 1035 3526 ad
1052 3487 1101 3525 eos
1114 3469 1250 3540 pervenit,
1264 3469 1330 3540 qula
1342 3469 1453 3541 putavit

301 3556 429 3612 sufficere
442 3555 667 3610 condictionem'
681 3554 787 3625 Ulpian
800 3554 829 3609 in
844 3553 911 3624 Dig.
924 3567 967 3620 47.
981 3555 1005 3608 8.
1021 3567 1045 3608 2.
1059 3567 1102 3620 27.

337 3637 351 3709 §
365 3645 391 3695 1.
410 3639 471 3693 The
484 3638 682 3694 constitutions
695 3637 818 3693 referred
831 3648 860 3692 to
873 3653 921 3692 are
931 3638 1012 3690 those
1023 3637 1056 3691 of
1064 3634 1254 3704 Valentinian,
1263 3634 1451 3704 Theodosius,

302 3721 360 3776 and
372 3721 511 3774 Arcadius
530 3719 559 3774 in
574 3721 642 3774 Cod.
656 3721 682 3774 8.
696 3734 721 3786 4.
734 3733 749 3786 7
764 3719 804 3774 ‘si
823 3719 885 3790 quis
905 3719 933 3773 in
952 3729 1061 3776 tantam
1078 3719 1180 3774 furoris
1193 3719 1351 3789 pervenerit
1364 3718 1451 3774 auda·

302 3803 384 3871 ciam,
403 3812 434 3857 ut
452 3801 662 3871 possessionem
679 3819 773 3856 rerum
791 3801 868 3872 apud
887 3801 986 3856 fiscum
1004 3804 1048 3857 vel
1067 3803 1144 3872 apud
1162 3802 1292 3858 homines
1311 3801 1451 3872 quoslibet

303 3885 518 3940 constitutarum
548 3893 615 3940 ante
648 3884 801 3942 adventum
833 3883 971 3939 iudicialis
1002 3885 1110 3942 arbitrii
1144 3885 1280 3952 violenter
1309 3884 1453 3953 invaserit,

304 3965 435 4021 dominus
449 3964 564 4035 quidem
577 3966 745 4020 constitutus
758 3966 968 4036 possessionem
981 3985 1067 4038 quarn
1077 3967 1192 4026 abstulit
1202 3967 1330 4025 restituat
1340 3983 1453 4037 posses-

303 4048 359 4108 sori
372 4057 400 4104 et
414 4047 570 4103 dominium
583 4048 710 4104 eiusdem
726 4048 766 4103 rei
783 4048 904 4105 amittat.
941 4049 971 4106 Si
985 4067 1051 4106 vero
1067 4051 1222 4106 alienarum
1235 4068 1328 4108 rerum
1340 4067 1453 4121 posses·

303 4131 412 4190 sionem
438 4129 549 4198 invasit,
574 4147 631 4186 non
661 4131 752 4188 solum
780 4147 844 4186 eam
873 4131 1085 4201 possidentibus
1109 4133 1219 4201 reddat,
1243 4151 1340 4190 verum
1365 4131 1453 4190 etiam

303 4211 530 4272 aestimationem
543 4213 696 4268 earundem
709 4230 802 4268 rerum
815 4213 961 4269 restituere
975 4217 1177 4285 compellatur.’
1205 4217 1263 4271 For
1275 4216 1323 4271 the
1333 4213 1454 4274 relation

303 4299 336 4356 os
350 4296 406 4354 this
424 4305 585 4352 enactment
603 4307 632 4354 to
648 4298 697 4352 the
715 4296 847 4356 interdict
863 4298 938 4356 unde
951 4297 978 4354 vi
991 4315 1040 4354 see
1053 4316 1090 4356 on
1103 4297 1160 4356 Tit.
1176 4313 1186 4355 1
1192 4311 1216 4372 ς.
1229 4299 1247 4354 6
1263 4299 1310 4356 inl.
1325 4298 1383 4356 and
1397 4299 1451 4362 Mr.

304 4381 412 4438 Poste’s
425 4389 492 4435 note
506 4396 542 4435 on
556 4379 644 4436 Gaius
658 4379 694 4436 iii.
709 4395 769 4452 209.

340 4463 354 4538 ξ
369 4467 397 4522 2.
417 4463 479 4522 Tm
497 4463 660 4538 expression
679 4482 713 4526 ex
729 4463 813 4522 bonis
826 4463 850 4522 is
863 4464 929 4523 here
942 4463 1070 4538 opposed
1083 4473 1113 4522 to
1126 4463 1292 4536 dominium,
1305 4475 1335 4522 to
1348 4463 1433 4526 denot
