3286 5144
190 376 285 448 Tir.9.]
422 377 483 432 DE
505 378 716 434 BONORUM
734 379 1100 436 POSSESSIONIBUS·
1274 375 1337 461 369

188 542 269 618 nati,
285 562 330 605 ex
347 543 467 625 quibus
485 546 612 627 possint
627 565 687 609 sua
704 544 775 609 iura
789 545 965 623 vindicare,
981 547 1071 610 omni
1087 546 1339 630 scrupulositate

188 655 222 708 et
238 647 458 712 inextricabili
474 670 581 712 errore
596 651 734 714 duarum
754 650 890 714 istarum
912 651 1074 715 bonorum
1092 653 1336 735 possessionum

187 750 343 814 resoluta.
388 751 503 816 Aliam
523 774 601 818 vero
624 754 785 817 bonorum
806 755 1057 836 possessionem,
1078 775 1164 838 quae
1184 755 1273 820 unde
1290 757 1369 827 vir?

187 862 222 916 et
245 876 332 918 uxor
353 856 539 940 appellatur
561 868 594 923 et
618 879 705 921 nono
729 857 803 922 loco
827 859 911 922 inter
932 867 1060 923 veteres
1078 861 1239 924 bonorum
1262 880 1338 943 pos·

186 957 351 1022 sessiones
370 961 479 1041 posita
499 961 613 1038 suerat,
631 971 664 1025 et
686 962 718 1024 in
740 982 798 1024 suo
819 963 932 1045 vigore
955 964 1156 1027 servavimus
1174 972 1207 1027 et
1222 964 1339 1030 altiore

186 1059 269 1137 loco,
298 1062 332 1126 id
361 1074 410 1127 est
440 1074 545 1143 sext0,
573 1086 646 1128 eam
677 1065 854 1147 posuimus,
885 1066 1014 1130 decima
1042 1068 1147 1131 veteri
1175 1063 1338 1132 bonorum
1368 1124 1371 1130 .

185 1165 396 1247 possessione
426 1188 511 1250 quae
541 1179 611 1232 erat
641 1170 728 1232 unde
764 1169 896 1251 cognati
928 1171 1175 1234 manumissoris
1205 1183 1340 1254 propter

186 1287 304 1332 causas
332 1281 497 1334 enarratas
530 1273 647 1336 merito
678 1271 827 1336 sublata:
858 1281 895 1335 ut
925 1293 985 1336 sex
1015 1276 1248 1339 tantummodo
1278 1277 1338 1341 bo·

186 1393 305 1435 norum
336 1375 557 1455 possessiones
587 1376 770 1439 ordinariae
801 1387 1017 1458 permaneant
1044 1397 1103 1440 suo
1128 1377 1241 1460 vigore
1267 1379 1338 1461 pol·

186 1474 303 1540 lentes.
351 1476 502 1559 Septima
525 1499 580 1542 eas
603 1489 724 1557 secuta,
746 1500 846 1560 quam
870 1479 997 1560 optima
1020 1480 1146 1544 ratione
1169 1490 1367 1563 praetoresa

186 1579 449 1645 introduxerunt.
496 1583 672 1646 novissime
694 1583 781 1646 enim
805 1583 1007 1666 promittitur
1030 1584 1137 1648 edicto
1160 1583 1210 1648 his
1235 1586 1337 1650 etiam

185 1685 350 1747 bonorum
367 1688 539 1769 possessio,
555 1689 673 1770 quibus
688 1697 725 1750 ut
746 1688 842 1751 detur
862 1688 936 1770 lege
956 1686 1008 1750 vel
1032 1696 1165 1751 senatus
1187 1689 1337 1754 consulto

185 1787 238 1851 vel
265 1790 500 1854 constitutione
531 1791 804 1874 comprehensum
832 1800 893 1866 est,
916 1810 1016 1872 quam
1042 1811 1150 1872 neque
1174 1791 1336 1855 bonorum

184 1893 448 1974 possessionibus
471 1915 557 1976 quae
579 1896 622 1958 ab
645 1897 802 1959 intestato
824 1894 960 1957 veniunt
982 1913 1090 1976 neque
1106 1893 1161 1960 ,eis
1184 1914 1269 1976 quae
1292 1917 1336 1958 ex

185 2004 388 2061 testamento
411 2010 488 2063 sunt
509 2009 641 2083 praetor
663 1999 772 2062 stabili
796 1999 864 2062 iure
886 1999 1141 2072 connumeravit,
1163 1999 1221 2062 sed
1243 1999 1336 2082 quasi

185 2100 341 2164 ultimum
369 2112 402 2165 et
426 2105 723 2168 extraordinarium
750 2102 919 2180 auxilium,
946 2111 1044 2184 prout
1068 2123 1119 2165 res
1143 2102 1256 2185 exigit,
1284 2123 1337 2168 ac-

185 2207 410 2270 commodavit
440 2208 564 2273 scilicet
599 2209 660 2283 his,
692 2209 747 2290 qui
779 2227 822 2270 ex
856 2204 983 2289 leglbus
1019 2215 1152 2270 senatus
1179 2206 1337 2272 consultis

187 2312 476 2375 constitutionibus
503 2313 686 2396 principum
713 2333 757 2374 ex
784 2295 869 2374 novo
895 2311 964 2373 iure
989 2309 1042 2374 vel
1069 2331 1113 2374 ex
1136 2319 1337 2400 testamento

185 2413 238 2476 vel
259 2415 302 2476 ab
326 2415 484 2480 intestato
504 2416 649 2480 veniunt.
706 2413 792 2478 Cum
814 2414 912 2497 igitur
931 2414 1042 2497 plures
1063 2414 1189 2497 species
1209 2435 1337 2479 succes·

187 2517 316 2580 sionum
334 2529 466 2600 praetor
480 2519 719 2584 introduxisset
735 2539 855 2600 easque
872 2539 931 2600 per
952 2519 1101 2581 ordinem
1122 2519 1366 2602 disposuisset9

187 2629 220 2683 et
248 2621 281 2683 in
313 2643 511 2706 unaquaque
546 2623 657 2706 specie
692 2622 906 2686 successionis
942 2642 1042 2704 saepe
1075 2622 1185 2704 plures
1219 2632 1337 2688 extent

186 2725 308 2807 dispari
333 2728 437 2809 gradu
464 2747 643 2811 personae:
667 2748 708 2789 ne
735 2727 882 2790 actiones
909 2726 1107 2790 creditorum
1133 2725 1336 2802 differantur,

186 2829 245 2892 sed
268 2831 430 2895 haberent
452 2853 536 2915 quos
558 2833 777 2910 convenirent,
796 2842 830 2895 et
854 2852 896 2894 ne
920 2830 1014 2895 facile
1038 2831 1070 2894 in
1093 2832 1336 2914 possessionem

186 2934 349 2998 bonorum
365 2935 511 3000 defuncti
528 2936 702 2999 mittantur
718 2945 751 2998 et
770 2956 810 2999 eo
832 2936 931 2998 modo
952 2935 1014 2997 sibi
1031 2935 1246 3013 consulerent,
1262 2935 1336 2998 ideo

186 3039 352 3118 petendae
380 3039 543 3103 bonomm
578 3039 778 3122 possessioni
814 3049 940 3102 certum
976 3047 1108 3120 tempus
1140 3037 1335 3120 praefinivit.

185 3141 295 3206 liberis
320 3144 432 3226 itaque
456 3154 489 3208 et
512 3144 702 3227 parentibus
726 3153 795 3207 tam
818 3141 1022 3207 naturalibus
1048 3163 1148 3224 quam
1172 3143 1336 3225 adoptivis

185 3247 219 3309 in
235 3249 379 3330 petenda
395 3249 557 3312 bonorum
575 3249 783 3331 possessione
799 3247 877 3310 anni
897 3247 1051 3327 spatium,
1068 3246 1184 3310 ceteris
1203 3256 1335 3310 centum

185 3350 312 3414 dierum
329 3352 431 3417 dedit.
478 3353 523 3416 Et
546 3352 573 3415 si
594 3352 679 3414 intra
702 3350 766 3412 hoc
788 3358 920 3432 tempus
942 3347 1059 3430 aliquis
1079 3347 1239 3412 bonorum
1258 3371 1335 3431 pos·
1350 3371 1384 3428 10

185 3456 365 3518 sessionem
391 3476 457 3520 non
486 3454 627 3539 petierit,
657 3452 806 3516 eiusdem
832 3452 954 3534 gradus
984 3451 1131 3533 personis
1155 3451 1335 3516 adcrescit:

184 3557 238 3621 vel
265 3561 292 3622 si
319 3580 417 3623 nemo
444 3561 495 3639 sit,
521 3559 675 3640 deinceps
702 3555 818 3620 ceteris
850 3554 988 3638 proinde
1014 3555 1176 3617 bonorum
1206 3572 1335 3636 posses·

186 3663 312 3727 sionem
325 3685 368 3728 ex
381 3665 581 3729 successorio
595 3663 703 3726 edicto
715 3660 896 3744 pollicetur,
909 3679 947 3723 ac
963 3659 990 3722 si
1006 3658 1032 3721 is
1048 3658 1104 3740 qui
1116 3657 1335 3741 praecedebat

186 3788 285 3831 exeo
301 3790 438 3832 numero
453 3789 517 3833 non
534 3777 630 3832 esset.
667 3769 695 3830 si
714 3767 787 3850 quis
805 3765 917 3848 itaque
933 3764 1079 3828 delatam
1094 3763 1156 3827 sibi
1172 3763 1335 3827 bonorum

184 3874 427 3958 possessionem
459 3873 686 3955 repudiaverit,
712 3891 778 3935 non
808 3890 980 3954 quousque
1009 3877 1142 3951 tempus
1171 3868 1334 3932 bonorum

185 3978 383 4060 possessioni
419 3977 629 4060 praefinitum
665 3977 845 4041 excesserit
878 3979 1101 4058 exspectatur,
1131 3973 1190 4036 sed
1220 3972 1334 4066 statim

185 4083 284 4146 ceteri
315 4103 360 4145 ex
390 4082 508 4146 eodem
539 4081 648 4144 edicto
683 4080 913 4144 admittuntur.
974 4077 1013 4142 ln
1043 4076 1189 4159 petenda
1222 4084 1334 4139 autem
1350 4077 1381 4130 ll

184 4185 346 4249 bonorum
369 4186 578 4270 possessione
602 4184 674 4249 dies
698 4183 795 4248 utiles
821 4182 940 4267 singuli
963 4182 1220 4248 considerantur.
1266 4177 1334 4243 Sed
1350 4183 1382 4237 12

222 4413 235 4486 ξ
255 4417 295 4471 11.
315 4415 377 4470 The
396 4413 559 4470 distinction
578 4415 705 4470 between
724 4423 836 4484 tempus
854 4411 922 4468 utile
940 4411 997 4467 and
1016 4409 1181 4466 continuum
1195 4409 1248 4465 has
1260 4409 1335 4466 been

184 4499 300 4571 already
310 4498 460 4569 explained
473 4515 510 4554 ou
524 4499 576 4556 Bk.
590 4497 618 4555 ii.
631 4513 669 4570 19
686 4511 699 4568 5
713 4514 789 4567 supr.
811 4497 874 4552 The
887 4495 952 4552 idea
961 4495 994 4552 ol
1002 4496 1050 4552 the
1063 4495 1167 4550 former
1176 4491 1335 4566 originated

733 4587 791 4650 sb
