3286 5144
201 389 261 442 Tit.
278 384 315 452 7.]
450 382 511 436 DE
532 381 819 438 SUCCESSIONE
839 382 1124 442 LIBERTORUM.
1299 384 1362 463 359

253 546 424 630 Repetitis
442 546 554 629 itaque
568 546 720 610 omnibus
736 564 822 628 quae
841 547 906 610 iam
923 547 1119 612 tradidimus
1139 558 1276 632 apparet
1298 571 1363 614 non
1378 555 1414 621 11Ι

201 669 345 732 semper
364 671 432 724 eos,
456 651 512 732 qui
535 670 649 733 parem
672 650 813 731 gradum
834 652 1041 733 cognationis
1063 653 1222 734 optinent,
1242 654 1365 735 pariter

199 753 322 816 vocari
353 774 460 834 eoque
485 753 627 835 amplius
658 773 719 816 nec
750 775 826 817 eum
853 755 996 835 quidem,
1023 755 1080 836 qui
1109 757 1292 838 proximior
1321 758 1364 820 sit

200 865 383 938 cognatus,
407 876 538 939 semper
560 858 724 938 potiorem
745 878 826 921 esse.
865 878 940 921 cum
964 859 1052 921 enim
1074 859 1181 940 prima
1203 879 1301 922 causa
1321 860 1364 923 sit

201 979 348 1023 suorum
378 959 537 1024 heredum
568 980 716 1042 quosque
738 961 824 1024 inter
845 981 924 1026 suos
943 961 1081 1025 heredes
1104 964 1170 1025 iam
1193 983 1364 1028 enumera·

200 1062 329 1136 vimus,
346 1073 484 1145 apparet
506 1071 722 1146 pronepotem
737 1063 789 1127 vel
811 1063 1012 1149 abnepotem
1034 1065 1180 1130 defuncti
1201 1067 1364 1149 potiorem

202 1187 285 1229 esse
315 1186 418 1248 quam
447 1166 581 1228 fratrem
612 1176 670 1230 aut
704 1176 834 1249 patrem
865 1178 1072 1250 matremque
1104 1169 1257 1247 defuncti,
1287 1190 1363 1234 cum

201 1269 360 1350 alioquin
381 1278 477 1351 pater
491 1269 625 1351 quidem
649 1278 683 1333 et
704 1280 819 1348 mater,
835 1281 871 1335 ut
891 1292 990 1354 supra
1008 1291 1138 1355 quoque
1159 1273 1364 1352 tradidimuS,

201 1374 355 1454 primum
372 1373 512 1454 gradum
536 1373 742 1454 cognationis
762 1374 945 1456 optineant,
961 1375 1061 1439 frater
1075 1396 1153 1439 vero
1172 1376 1362 1452 secundum,

202 1496 378 1558 pronepos
393 1485 506 1541 autem
527 1478 625 1540 tertio
645 1478 750 1560 gradu
773 1479 816 1540 sit
837 1487 998 1560 cognatus
1013 1488 1046 1542 et
1062 1478 1209 1560 abnepos
1224 1489 1362 1561 quarto:

203 1600 272 1643 nec
289 1581 436 1654 interest,
454 1580 487 1642 in
508 1589 676 1662 potestate
694 1582 863 1645 morientis
885 1581 983 1646 fuerit
1003 1601 1045 1645 an
1067 1603 1132 1645 non
1150 1581 1256 1660 fuerit,
1272 1584 1362 1665 quod

203 1683 263 1747 vel
292 1685 520 1766 emancipatus
549 1684 602 1747 vel
633 1705 677 1748 ex
704 1687 911 1767 emancipato
936 1695 994 1749 aut
1020 1707 1065 1750 ex
1091 1685 1248 1748 feminino
1278 1707 1362 1750 sexu

205 1798 415 1870 propagatus
431 1797 491 1852 est.
536 1788 672 1852 Amotis
688 1810 820 1871 quoque
838 1790 904 1852 suis
920 1788 1097 1854 heredibus
1114 1810 1263 1872 quosque
1279 1791 1363 1854 inter
1377 1800 1410 1853 12

205 1913 288 1955 suos
324 1891 462 1956 heredes
494 1893 605 1956 vocari
634 1893 790 1971 diximus,
819 1895 993 1976 adgnatus,
1022 1895 1078 1977 qui
1112 1895 1276 1976 integrum
1311 1893 1362 1956 ius

205 1996 423 2078 adgnationis
446 1995 559 2070 habet,
587 1996 716 2059 etiamsi
740 1996 932 2078 longissimo
958 1997 1062 2078 gradu
1090 1997 1141 2070 sit,
1167 1997 1362 2078 plerumque

206 2100 322 2181 potior
341 2098 481 2163 habetur
501 2119 602 2181 quam
623 2099 806 2180 proximior
826 2109 1005 2182 cognatus:
1030 2120 1108 2164 nam
1131 2101 1239 2181 patrui
1258 2119 1361 2181 nepos

206 2201 262 2264 vel
277 2221 443 2284 pronepos
458 2201 620 2266 avunculo
632 2202 684 2265 vel
702 2212 896 2266 materterae
911 2202 1099 2285 praefertur.
1129 2203 1251 2266 totiens
1263 2202 1362 2284 igitur

208 2305 351 2369 dicimus
374 2315 432 2370 aut
455 2307 618 2387 potiorem
638 2305 753 2370 haberi
780 2328 856 2370 eum
882 2307 939 2390 qui
961 2307 1198 2388 proximiorem
1220 2307 1360 2387 gradum

208 2409 418 2491 cognationis
442 2410 579 2492 optinet,
607 2420 665 2474 aut
691 2411 815 2492 pariter
837 2410 946 2475 vocari
970 2431 1025 2475 eos
1048 2411 1104 2492 qui
1130 2409 1262 2492 cognati
1285 2409 1360 2486 sint,

207 2513 364 2594 quotiens
398 2534 506 2595 neque
541 2534 676 2576 suorum
712 2511 872 2577 heredum
894 2513 977 2577 iure
1011 2514 1133 2595 quique
1167 2513 1252 2575 inter
1285 2532 1361 2574 suos

207 2615 349 2679 heredes
371 2627 449 2679 sunt
472 2635 580 2698 neque
602 2617 813 2699 adgnationis
835 2617 903 2679 iure
923 2616 1042 2698 aliquis
1064 2614 1217 2698 praeferri
1240 2615 1362 2680 debeat

207 2720 393 2782 secundum
410 2739 449 2781 ea
464 2739 550 2800 quae
565 2720 770 2799 tradidimus,
787 2720 936 2804 exceptis
952 2719 1051 2782 fratre
1073 2729 1106 2783 et
1125 2739 1235 2782 sorore
1250 2738 1363 2782 eman-

208 2823 336 2904 cipatis,
359 2823 416 2903 qui
446 2824 489 2886 ad
519 2825 761 2887 successionem
788 2824 926 2888 fratrum
948 2823 1001 2888 vel
1025 2843 1172 2887 sororum
1194 2832 1362 2899 vocantur,

208 2928 265 3008 qui
294 2935 328 2990 et
353 2927 381 2990 si
412 2927 521 3009 capite
547 2928 709 2992 deminuti
740 2939 827 3006 sunt,
855 2939 969 2994 tamen
995 2929 1221 3012 praeferuntur
1246 2926 1362 2990 ceteris

209 3029 371 3095 ulterioris
385 3032 507 3114 gradus
522 3031 687 3115 adgnatis.

746 3257 826 3321 VII.
901 3247 906 3258 '

488 3433 539 3484 oa
563 3431 809 3484 successore
832 3431 1085 3484 strumosum

252 3583 351 3646 Nunc
378 3583 421 3646 de
441 3581 635 3646 libertorum
655 3581 750 3644 bonis
770 3579 952 3644 videamus.
1006 3579 1086 3642 olim
1106 3579 1219 3662 itaque
1237 3583 1360 3648 licebat

210 3687 329 3750 liberto
352 3697 528 3770 patronum
553 3707 650 3749 suum
674 3685 808 3767 impune
834 3693 1036 3749 testamento
1063 3686 1258 3767 praeterire:
1283 3708 1360 3750 nam

208 3792 255 3854 ita
279 3792 414 3854 demum
438 3790 494 3853 lex
522 3789 697 3854 duodecim
724 3789 913 3854 tabularum
937 3789 980 3853 ad
1005 3790 1225 3884 hereditatem
1252 3790 1360 3854 liberti

207 3895 349 3958 vocabat
373 3903 559 3976 patronum,
582 3895 609 3957 si
632 3895 809 3958 intestatus
833 3903 981 3958 mortuus
1002 3904 1088 3959 esset
1110 3893 1247 3958 libertus
1267 3893 1359 3958 nullo

207 4081 338 4138 nationes
351 4101 408 4138 non
421 4083 579 4153 pertinent!
604 4083 649 4137 On
663 4083 710 4137 the
724 4084 806 4137 other
817 4082 903 4150 hand,
919 4082 1025 4152 Ulpian
1038 4100 1104 4152 says
1118 4083 1196 4152 (Dig.
1209 4095 1250 4152 50.
1262 4095 1301 4148 17.
1312 4082 1357 4150 32)

208 4164 302 4236 ‘quod
320 4166 421 4221 attinet
434 4167 471 4220 ad
489 4167 531 4220 ius
545 4165 634 4235 civile,
648 4165 720 4220 servi
734 4183 784 4235 pro
797 4165 880 4220 nullis
894 4165 1034 4220 habentur
1047 4185 1053 4220 z
1072 4181 1129 4219 non
1144 4175 1240 4219 tamen
1257 4175 1285 4218 et
1299 4163 1358 4218 iure

206 4249 346 4316 naturali;
371 4249 445 4320 quia,
465 4249 541 4320 quod
560 4249 597 4304 ad
616 4249 659 4304 ius
678 4250 806 4304 naturale
825 4249 933 4317 attinet,
953 4265 1052 4302 omnes
1072 4248 1203 4302 homines
1224 4247 1357 4318 aequales

207 4333 289 4386 sunt)
325 4333 395 4386 This
408 4350 446 4387 no
459 4333 547 4387 doubt
564 4333 588 4387 is
608 4331 663 4387 due
680 4342 709 4386 to
722 4332 766 4386 his
780 4331 943 4387 distinction
957 4331 1084 4386 between
1102 4332 1150 4386 the
1169 4331 1212 4385 ius
1230 4330 1356 4400 gentium

207 4415 265 4468 and
283 4417 331 4470 the
350 4415 393 4469 ius
412 4415 555 4481 naturale;
574 4432 622 4470 see
635 4433 672 4469 on
686 4415 738 4470 Ble
752 4414 770 4470 i.
787 4431 808 4468 1.
821 4430 846 4484 4,
860 4415 897 4470 ib.
911 4429 936 4468 2.
949 4430 990 4483 pr.
1004 4431 1079 4484 supr.
1114 4413 1278 4484 Justinian’s
1294 4431 1357 4469 own

206 4495 383 4555 enactments
396 4498 519 4554 referred
531 4508 561 4554 to
574 4497 603 4552 in
615 4497 672 4553 this
685 4498 793 4553 section
806 4515 854 4554 are
868 4497 897 4554 in
911 4497 981 4553 Cod.
995 4496 1019 4552 6.
1033 4497 1119 4569 57.6;
1138 4497 1163 4552 6.
1177 4512 1201 4566 4
1215 4511 1241 4566 4.
