3286 5144
295 389 358 477 338
499 363 989 452 INSTITUTJONUMLIBRI
1007 391 1244 465 QUATTUOR.
1321 397 1387 463 [m.
1399 401 1447 454 111.

299 561 501 646 procedente
522 560 623 626 etiam
645 557 803 642 nuptialia
822 557 1041 624 instrumenta
1063 578 1139 623 cum
1160 580 1199 624 ea
1217 558 1330 624 fecerit
1346 557 1448 623 tilios·

300 688 366 750 que
380 667 434 732 vel
449 666 533 731 filias
547 665 718 730 habuerit:
741 682 806 727 non
821 661 928 725 solum
942 683 1001 726 eos
1023 662 1152 739 liberos,
1168 665 1224 746 qui
1240 672 1316 746 post
1332 664 1448 728 dotem

299 771 380 836 editi
410 780 496 847 sunt,
526 770 630 834 iustos
659 778 693 832 et
722 767 756 832 in
785 774 953 849 potestate
979 787 1051 831 esse
1074 768 1231 850 patribus,
1254 767 1313 832 sed
1344 768 1447 831 etiam

297 877 486 950 anteriores,
503 873 559 956 qui
576 883 610 938 et
624 872 675 936 his
690 871 746 956 qui
762 879 879 954 postea
903 871 972 936 nati
991 881 1067 936 sunt
1084 873 1291 936 occasionem
1306 871 1448 954 legitimi

297 978 440 1042 nominis
461 977 717 1060 praestiterunt:
740 974 829 1058 quod
852 975 1003 1056 optinere
1025 975 1219 1054 censuimus
1235 975 1365 1039 etiarnsi
1381 995 1448 1038 non

296 1081 459 1163 progeniti
484 1079 605 1144 suerint
624 1087 701 1161 post
724 1077 837 1142 dotale
860 1079 1115 1142 instrumentum
1141 1077 1326 1142 consectum
1352 1078 1448 1142 liberi

297 1183 350 1250 vel
378 1183 479 1247 etiam
509 1182 578 1246 nati
608 1183 651 1246 ab
678 1180 740 1245 hac
770 1180 843 1245 luce
869 1180 1028 1245 subtracti
1058 1181 1188 1246 fuerint.
1233 1182 1287 1245 Ita
1311 1182 1449 1245 demum

296 1295 411 1351 tamen
432 1306 536 1367 nepos
557 1285 708 1367 neptisve
730 1292 764 1348 et
785 1303 949 1368 pronepos
971 1286 1183 1368 proneptisve
1201 1305 1333 1348 suorum
1354 1283 1449 1349 here-

297 1391 377 1454 dum
393 1409 530 1452 numero
551 1397 637 1467 sunt,
654 1389 681 1451 si
697 1387 897 1470 praecedens
920 1377 1061 1470 persona
1083 1387 1215 1452 desierit
1231 1388 1263 1450 in
1279 1397 1450 1470 potestate

297 1491 443 1576 parentis
465 1512 546 1570 esse,
561 1491 630 1556 sive
653 1499 759 1555 morte
781 1491 815 1554 id
839 1490 996 1554 acciderit
1018 1493 1087 1554 sive
1108 1491 1173 1555 alia
1195 1492 1330 1566 ratione,
1345 1491 1449 1556 veluti

299 1595 579 1677 emancipatione:
610 1615 688 1658 nam
712 1593 739 1658 si
762 1614 822 1676 per
847 1593 881 1658 id
904 1603 1045 1677 tempus,
1068 1615 1135 1677 quo
1159 1595 1233 1677 quis
1256 1603 1448 1672 moreretur,

298 1698 385 1763 filius
411 1699 445 1762 in
467 1707 635 1781 potestate
659 1697 728 1762 eius
752 1697 804 1776 sit,
819 1718 923 1780 nepos
941 1718 985 1762 ex
1006 1719 1046 1762 eo
1068 1719 1147 1762 suus
1168 1699 1263 1762 heres
1287 1719 1359 1764 esse
1382 1719 1449 1763 non

298 1811 419 1884 potest.
456 1801 556 1884 idque
571 1810 605 1866 et
619 1802 652 1866 in
668 1802 784 1865 ceteris
799 1801 954 1884 deinceps
969 1800 1146 1866 liberorum
1159 1803 1306 1884 personis
1322 1802 1449 1866 dictum

298 1905 527 1990 intellegimus.
571 1905 716 1987 postumi
731 1925 871 1986 quoque,
882 1903 946 1987 qui,
959 1905 986 1968 si
1000 1906 1075 1970 vivo
1091 1913 1227 1988 parente
1242 1907 1311 1969 nati
1327 1915 1450 1982 essent,

269 2019 287 2076 3
301 2009 333 2074 in
349 2017 517 2094 potestate
532 2009 631 2074 futuri
652 2008 770 2085 forent,
786 2009 836 2072 sui
851 2007 989 2072 heredes
1011 2017 1098 2074 sunt.
1143 2009 1203 2075 Sui
1218 2019 1331 2074 autem
1347 2010 1450 2074 etiam

299 2115 488 2196 ignorantes
507 2112 590 2177 fiunt
611 2112 751 2178 heredes
773 2122 815 2192 et,
833 2112 910 2178 licet
931 2112 1042 2178 furiosi
1066 2113 1140 2190 sint,
1156 2114 1294 2178 heredes
1309 2123 1450 2196 possunt

300 2218 462 2282 existere:
487 2217 564 2300 quia
581 2217 702 2300 quibus
718 2238 762 2280 ex
777 2215 883 2281 causis
901 2216 1127 2299 ignorantibus
1146 2219 1329 2300 adquiritur
1344 2218 1449 2294 nobis,

301 2342 345 2386 ex
374 2321 426 2386 his
456 2321 563 2384 causis
593 2328 627 2384 et
656 2319 786 2384 furiosis
815 2320 944 2402 adquiri
974 2329 1094 2404 potest.
1139 2329 1173 2386 et
1203 2322 1315 2386 statim
1343 2331 1450 2386 morte

300 2424 445 2510 parentis
475 2422 569 2506 quasi
595 2423 806 2487 continuatur
835 2423 1038 2489 dominium:
1076 2433 1110 2490 et
1139 2424 1214 2488 ideo
1244 2445 1304 2490 nec
1331 2425 1450 2490 tutoris

300 2527 498 2594 auctoritate
531 2545 616 2608 opus
647 2535 698 2591 est
731 2516 941 2609 inpupillis,
975 2547 1050 2594 curn
1088 2527 1188 2592 etiam
1222 2527 1451 2611 ignorantibus

301 2631 484 2714 adquiritur
507 2630 574 2693 suis
599 2629 775 2696 heredibus
800 2629 985 2696 hereditas:
1023 2651 1083 2696 nec
1110 2632 1268 2697 curatoris
1289 2652 1450 2696 consensu

271 2735 484 2818 tadquiritur
509 2733 638 2812 furioso,
665 2736 723 2798 sed
751 2734 823 2818 ipso
849 2735 926 2799 iure.
973 2736 1145 2800 Interdum
1169 2745 1290 2811 autem,
1313 2735 1391 2802 licet
1417 2736 1451 2800 in

300 2847 468 2925 potestate
494 2839 610 2902 mortis
635 2845 786 2920 tempore
812 2859 890 2902 suus
915 2839 1011 2904 heres
1043 2861 1110 2905 non
1136 2841 1205 2916 fuit,
1234 2851 1348 2908 tamen
1372 2861 1451 2904 suus

300 2945 396 3008 heres
411 2942 539 3025 parenti
557 2942 703 3020 efficitur,
718 2941 819 3006 veluti
835 2943 862 3004 si
877 2943 920 3006 ab
935 2941 1086 3009 hostibus
1101 2945 1174 3027 quis
1190 2965 1337 3008 reversus
1352 2944 1451 3008 luerit

272 3056 378 3130 5post
399 3053 540 3110 mortem
564 3044 665 3126 patris
688 3043 755 3108 sui:
780 3044 829 3108 ius
850 3045 938 3109 enirn
960 3048 1152 3129 postliminii
1172 3047 1235 3112 hoc
1255 3047 1343 3112 facit.
1389 3048 1452 3112 Per

302 3149 499 3216 contrarium
521 3149 630 3214 evenit
646 3157 691 3227 ut,
707 3147 784 3213 licet
805 3150 879 3232 quis
902 3151 934 3213 in
957 3151 1081 3216 familia
1103 3151 1249 3216 defuncti
1272 3152 1315 3216 sit
1336 3152 1452 3216 mortis

301 3266 461 3339 tempore,
486 3262 598 3318 tamen
622 3273 699 3318 suus
726 3251 822 3318 heres
849 3275 915 3319 non
940 3254 1007 3335 fiat,
1027 3255 1182 3322 veluti'si
1209 3265 1286 3339 post
1309 3265 1452 3321 mortem

302 3379 397 3424 suam
425 3367 519 3443 pater
544 3357 706 3422 iudicatus
730 3357 828 3421 suerit
859 3379 933 3422 reus
970 3360 1202 3443 perduellionis
1231 3379 1270 3424 ac
1300 3381 1359 3442 per
1388 3359 1452 3426 hoc

303 3462 461 3526 memoria
487 3461 557 3526 eius
580 3461 739 3527 damnata
762 3461 878 3541 fuerit:
913 3484 1008 3528 suum
1034 3463 1122 3527 enirn
1145 3463 1303 3528 heredem
1327 3462 1451 3530 habere

303 3587 369 3630 non
391 3573 510 3650 potest,
525 3585 601 3632 cum
624 3565 721 3630 fiscus
744 3565 774 3630 ei
796 3567 953 3632 succedit.
997 3567 1057 3632 sed
1075 3575 1186 3650 potest
1207 3567 1271 3650 dici
1294 3567 1366 3650 ipso
1381 3565 1452 3631 iure

306 3867 344 3920 rs
355 3869 396 3924 pr.
411 3869 418 3909 :
436 3851 485 3908 the
496 3861 564 3908 note
577 3867 614 3904 on
624 3847 715 3906 which
728 3847 836 3904 section
850 3848 904 3903 will
917 3849 978 3906 also
990 3847 1102 3920 explain
1114 3851 1163 3904 the
1173 3849 1264 3904 words
1278 3849 1340 3922 ‘qui
1354 3849 1452 3922 ethis,

303 3935 349 4006 qui
363 3945 464 4005 postea
475 3933 533 3988 nati
547 3941 621 4001 sunt,
634 3931 814 3988 occasionem
827 3931 945 4001 legitimi
958 3933 1081 3988 nominis
1095 3933 1311 4003 praestiterunt!

339 4015 353 4086 §
367 4020 396 4072 s.
415 4015 465 4071 Sui
478 4015 606 4083 heredes,
616 4015 754 4083 however,
765 4015 850 4070 could
862 4026 911 4070 not
924 4017 960 4071 be
973 4016 1137 4087 prejudiced
1147 4016 1258 4086 against
1267 4015 1341 4071 their
1350 4014 1405 4070 will
1413 4017 1453 4086 by

303 4117 321 4156 a
334 4100 473 4156 damnosa
484 4097 635 4166 hereditas,
648 4115 680 4152 as
692 4098 760 4168 they
773 4098 894 4169 enjoyed
913 4100 960 4154 the
979 4099 1140 4170 praetorian
1160 4099 1346 4154 ‘beneficium
1365 4099 1453 4155 absti-

303 4171 406 4236 nendi’
419 4181 545 4236 whether
557 4180 648 4236 called
660 4189 690 4237 to
703 4181 825 4237 succeed
838 4183 928 4239 under
940 4201 958 4238 a
970 4182 1025 4238 will
1038 4199 1070 4239 or
1082 4183 1118 4240 ab
1131 4181 1284 4239 intestato:
1303 4199 1352 4238 see
1361 4183 1414 4238 Bk.
1423 4181 1451 4239 ii.

305 4279 347 4334 19.
361 4279 376 4318 2
389 4262 447 4319 and
459 4273 540 4319 notes
553 4281 627 4335 supr.

303 4365 306 4370 ·
340 4346 354 4420 ξ
368 4349 398 4405 4.
417 4349 474 4402 For
486 4348 534 4403 the
547 4347 590 4402 ius
602 4345 766 4418 postliminii
780 4365 828 4404 see
841 4365 877 4402 on
891 4350 942 4405 Blc
958 4365 979 4406 1.
993 4365 1032 4406 12.
1048 4362 1061 4422 5
1076 4367 1152 4422 supr.

340 4429 397 4502 §a
418 4431 459 4486 Os
472 4432 520 4486 the
536 4441 607 4488 term
624 4431 781 4502 perduellio
794 4433 897 4487 Festus
912 4450 977 4503 says
994 4433 1099 4488 ‘hostis
1120 4433 1197 4503 apud
1219 4432 1350 4504 antiquos
1372 4449 1453 4503 pere·

299 4513 399 4586 ‘grinus
413 4514 567 4586 dicebatur,
581 4514 669 4586 etqui
683 4533 759 4571 nunc
771 4514 862 4570 hostis
876 4515 1066 4587 perduellio:’
1084 4517 1133 4573 the
1146 4517 1255 4572 offence
1266 4516 1289 4572 is
1299 4517 1414 4573 defined
1424 4516 1453 4572 in
