3286 5144
216 370 313 436 Tlr.6.]
494 369 554 424 DE
577 367 790 424 GRADIBUS
812 367 1108 426 COGNATIONIS.
1305 377 1369 450 357

217 553 409 616 eorumque,
436 533 493 616 qui
517 553 561 596 ex
585 531 637 597 his
661 541 928 615 progenerantur,
948 543 982 598 et
1008 530 1239 598 convenienter
1261 537 1369 617 patrui

215 639 340 700 amitae
366 635 520 700 avunculi
545 645 751 700 materterae.
791 646 825 701 et
850 636 997 718 superior
1021 636 1154 718 quidem
1182 645 1216 700 et
1239 637 1370 703 inferior

215 741 372 824 cognatio
395 761 416 804 a
442 741 549 824 primo
574 741 679 824 gradu
706 740 839 823 incipit:
869 749 905 804 at
932 761 979 817 ea,
1002 761 1088 824 quae
1115 762 1159 806 ex
1182 750 1369 808 transverso

214 855 417 922 numeratur,
440 866 460 908 a
483 844 638 909 secundo.
684 842 794 907 Primo
815 844 921 927 gradu
946 853 996 908 est
1018 864 1117 930 supra
1137 855 1232 926 pater
1252 854 1397 921 mater,1

214 947 300 1012 infra
316 947 402 1010 filius
418 947 494 1010 filia.
542 947 696 1012 Secundo
711 967 811 1030 supra
828 968 909 1010 avus
927 947 1009 1024 avia,
1028 947 1110 1011 infra
1131 968 1234 1032 nepos
1249 951 1397 1032 neptis,2

214 1071 260 1114 ex
289 1061 476 1116 transverso
501 1051 602 1116 frater
625 1071 725 1117 soror.
784 1051 899 1116 Tertio
925 1072 1024 1135 supra
1052 1072 1193 1134 proavus
1223 1054 1397 1136 proavia,3

169 1209 173 1216 .
213 1153 299 1218 infra
334 1175 499 1238 pronepos
531 1155 710 1238 proneptis,
744 1175 789 1218 ex
822 1163 1008 1219 transverso
1044 1155 1153 1220 fratris
1181 1157 1367 1240 sororisque

213 1257 301 1321 filius
317 1257 384 1322 filia
399 1269 433 1324 et
453 1258 685 1322 convenienter
706 1267 844 1340 patruus
862 1259 966 1322 amita
980 1258 1161 1322 avunculus
1179 1267 1366 1324 matertera.

213 1369 354 1444 patruus
369 1371 420 1426 est
434 1362 538 1443 patris
554 1360 662 1440 frater,
674 1362 731 1442 qui
744 1359 871 1426 Graece
883 1358 998 1440 πάτρως
1008 1370 1162 1426 vocatur:
1185 1361 1366 1426 avunculus

213 1474 266 1530 est
285 1467 398 1530 matris
414 1465 523 1542 irater,
538 1465 595 1548 qui
610 1465 701 1547 apud
718 1463 862 1530 Graecos
882 1466 1013 1549 proprie
1030 1463 1145 1544 μήτρως
1159 1465 1364 1550 appellatur:

214 1577 249 1632 et
270 1570 457 1650 promiscue
478 1571 558 1634 θεῖος
579 1569 709 1642 dicitur.
746 1570 850 1634 amita
873 1578 923 1633 est
942 1569 1045 1652 patris
1067 1588 1166 1643 soror,
1190 1577 1367 1634 matertera

212 1692 291 1734 vero
312 1673 429 1735 matris
449 1691 560 1736 soror:
584 1680 723 1754 utraque
746 1672 812 1734 θεία
833 1671 885 1734 vel
911 1671 1001 1754 apud
1024 1671 1186 1755 quosdam
1209 1673 1289 1750 τηθίς
1306 1693 1366 1756 ap·

212 1774 366 1857 pellatur.
412 1774 541 1857 Quarto
562 1775 668 1858 gradu
691 1795 790 1857 supra
812 1774 937 1838 abavus
958 1776 1084 1854 abavia,
1107 1774 1191 1840 inira
1217 1775 1396 1860 abnepos4

211 1880 375 1961 abneptis,
392 1899 436 1942 ex
451 1887 636 1943 transverso
655 1877 763 1943 fratris
783 1880 968 1962 sororisque
991 1899 1094 1962 nepos
1110 1881 1218 1964 neptis
1233 1888 1267 1944 et
1288 1899 1365 1944 con·

211 1984 383 2046 venienter
405 1991 542 2064 patruus
565 2001 705 2064 magnus
725 1983 829 2046 amita
852 2003 973 2066 magna
991 1979 1038 2068 (id
1062 1992 1113 2046 est
1134 1984 1187 2047 avi
1210 1983 1310 2047 irater
1331 1994 1364 2048 et

212 2084 329 2172 soror),
345 2088 426 2150 item
444 2086 624 2150 avunculus
646 2106 785 2169 magnus
801 2094 977 2151 matertera
1000 2107 1122 2170 magna
1137 2087 1185 2173 (id
1206 2097 1256 2152 est
1271 2088 1365 2152 aviae

211 2191 313 2256 irater
327 2201 362 2255 et
382 2187 496 2277 soror)
513 2190 730 2254 consobrinus
750 2191 943 2254 consobrina
959 2188 1008 2278 (id
1029 2200 1079 2256 est
1098 2193 1155 2275 qui
1176 2211 1303 2274 quaeve
1320 2213 1364 2256 ex

212 2293 366 2359 iratribus
396 2303 454 2358 aut
483 2294 650 2358 sororibus
681 2291 965 2380 progenerantur).
1018 2295 1077 2358 sed
1107 2295 1242 2377 quidam
1276 2304 1364 2358 recte

158 2429 164 2440 ·
212 2381 426 2462 consobrinos
448 2418 505 2462 eos
524 2398 655 2480 proprie
675 2407 796 2480 putant
816 2397 890 2475 dici,
909 2399 966 2481 qui
986 2419 1031 2462 ex
1051 2397 1180 2462 duabus
1199 2397 1364 2462 sororibus

212 2512 481 2585 progenerantur,
503 2502 597 2584 quasi
621 2502 867 2565 consororinos:
898 2523 956 2566 eos
977 2523 1063 2580 vero,
1086 2503 1143 2586 qui
1167 2521 1211 2565 ex
1233 2501 1363 2565 duobus

211 2605 366 2669 fratribus
396 2615 666 2688 progenerantur,
692 2606 825 2688 proprie
854 2605 972 2670 fratres
998 2605 1163 2689 patrueles
1186 2606 1295 2670 vocari
1322 2603 1363 2691 (si

210 2719 323 2772 autern
347 2730 391 2772 ex
414 2708 546 2772 duobus
561 2707 716 2772 fratribus
735 2707 822 2772 filiae
846 2717 1031 2788 nascantur,
1050 2729 1176 2773 sorores
1196 2707 1362 2792 patrueles

209 2809 452 2897 appellantur):
476 2821 512 2875 at
542 2831 607 2888 eos,
638 2812 694 2893 qui
725 2831 769 2874 ex
799 2811 898 2876 fratre
925 2823 959 2877 et
988 2833 1099 2876 sorore
1127 2821 1361 2897 propagantur,

209 2917 365 2978 amitinos
390 2915 522 2998 proprie
549 2915 614 2977 dici
641 2911 777 2999 (amitae
802 2924 880 2980 tuae
903 2916 961 2979 filii
984 2916 1217 2981 consobrinum
1239 2925 1274 2979 te
1301 2935 1360 2998 ap·

208 3019 347 3103 pellant,
362 3028 399 3083 tu
416 3019 490 3082 illos
510 3015 691 3104 amitinos).
737 3018 865 3102 Quinto
886 3041 985 3104 supra
1006 3031 1122 3086 atavus
1142 3021 1260 3096 atavia,
1277 3019 1390 3088 infra5

207 3125 357 3205 adnepos
379 3122 542 3204 adneptis,
565 3142 609 3184 ex
635 3131 822 3187 transverso
846 3123 955 3188 fratris
981 3125 1167 3206 sororisque
1196 3142 1361 3206 pronepos

208 3228 379 3310 proneptis
402 3236 436 3290 et
458 3227 692 3290 convenienter
709 3237 907 3308 propatruus
929 3229 1093 3310 proamita
1108 3225 1156 3313 (id
1175 3236 1226 3291 est
1246 3229 1359 3309 proavi

208 3330 309 3394 frater
336 3340 370 3396 et
399 3325 513 3414 soror),
538 3329 780 3413 proavunculus
801 3338 1041 3411 promatertera
1064 3327 1111 3416 (id
1133 3338 1183 3394 est
1205 3331 1360 3412 proaviae

207 3435 308 3499 frater
333 3443 366 3498 et
390 3431 504 3519 soror),
528 3435 608 3498 item
633 3433 740 3498 sratris
764 3433 923 3515 patruelis
947 3433 1067 3498 sororis
1088 3433 1256 3516 patruelis,
1280 3454 1358 3498 con-

207 3541 330 3602 sobrini
355 3549 388 3604 et
411 3538 635 3616 consobrinae,
661 3537 791 3602 amitini
814 3539 972 3602 amitinae
996 3537 1082 3601 filius
1108 3536 1185 3616 filia,
1209 3537 1359 3619 proprior

133 3695 139 3704 ,
206 3643 357 3705 sobrinus
373 3642 507 3706 sobrina
518 3638 566 3727 (hi
585 3651 662 3704 sunt
673 3642 781 3723 patrui
794 3642 906 3724 magni
918 3642 1040 3706 amitae
1053 3660 1192 3722 magnae
1204 3639 1357 3704 avunculi

195 3747 318 3828 magni
335 3754 530 3810 materterae
542 3764 683 3828 magnae
695 3743 782 3809 filius
798 3742 888 3829 filia).
923 3743 1031 3810 Sexto
1045 3745 1149 3828 gradu
1166 3751 1243 3807 sunt
1258 3759 1387 3825 supra6

205 3851 344 3914 tritavus
367 3850 507 3928 tritavia,
527 3849 610 3913 inira
632 3851 780 3933 trinepos
800 3849 961 3933 trineptis,
982 3870 1025 3913 ex
1046 3859 1231 3914 transverso
1250 3847 1356 3912 fratris

205 3956 390 4036 sororisque
402 3954 550 4036 abnepos
562 3955 715 4036 abneptis
727 3963 760 4018 et
773 3956 1004 4020 convenienter
1014 3953 1195 4038 abpatruus
1207 3952 1356 4018 abamita

205 4053 253 4142 (id
269 4067 320 4122 est
340 4058 438 4121 abavi
460 4057 561 4122 irater
581 4067 614 4121 et
635 4057 739 4144 soror)
761 4057 986 4123 abavunculus
1003 4059 1225 4123 abmatertera
1240 4052 1288 4141 (id
1305 4065 1355 4120 est

204 4162 342 4226 abaviae
364 4162 465 4226 irater
487 4173 521 4227 et
544 4158 656 4248 soror),
676 4163 756 4228 item
780 4163 903 4228 sobrini
921 4164 1138 4245 sobrinaeque
1152 4159 1201 4246 (id
1224 4169 1275 4225 est
1297 4161 1354 4242 qui

204 4286 331 4348 quaeve
354 4287 398 4330 ex
418 4265 571 4331 iratribus
591 4266 644 4330 vel
665 4269 831 4333 sororibus
851 4267 1055 4352 patruelibus
1075 4267 1127 4332 vel
1150 4265 1353 4331 consobrinis

203 4369 256 4433 vel
286 4371 432 4435 amitinis
461 4369 742 4458 progenerantur).
799 4373 972 4437 Hactenus
995 4371 1180 4436 ostendisse
1206 4369 1383 4450 sufficiet?

203 4473 486 4558 quemadmodum
510 4475 632 4560 gradus
657 4477 862 4561 cognationis
882 4483 1103 4541 numerentur.
1144 4493 1288 4558 namque
1308 4493 1353 4539 ex
