3274 5152
186 441 313 510 '‘Tit.23.]
356 439 417 496 DE
431 439 861 495 FIDEICOMMISSARIIS
874 437 1236 494 HEREDITATIBUS.
1283 447 1345 514 299

704 645 839 710 XXIII.

382 839 432 888 on
455 835 825 889 rrnurcouurssanus
849 805 1162 888 uununrrnr'mus,

242 997 340 1061 Nunc
363 1005 568 1063 transeamus
590 999 634 1062 ad
655 997 918 1063 fideicommissa.
975 1006 1008 1060 et
1031 999 1121 1080 prius
1144 997 1187 1061 de
1212 996 1342 1061 heredi·

197 1100 322 1165 tatibus
347 1099 657 1166 fideicommissariis
680 1102 860 1165 videamus.

240 1201 420 1268 Sciendum
447 1204 559 1287 itaque
585 1215 635 1269 est
658 1205 771 1268 omnia
795 1203 1049 1267 fideicommissa
1075 1204 1187 1286 primis
1214 1214 1372 1286 tempo-1

196 1305 284 1368 ribus
307 1307 437 1370 infirma
459 1329 540 1380 esse,
561 1308 639 1391 quia
662 1328 760 1370 nemo
783 1307 904 1370 invitus
926 1307 1105 1388 cogebatur
1125 1317 1292 1388 praestare
1310 1308 1343 1370 id

195 1408 326 1490 dequo
349 1420 483 1492 rogatus
505 1420 594 1476 erat:
625 1411 746 1492 quibus
768 1411 856 1474 enim
879 1429 944 1474 non
967 1418 1121 1492 poterant
1143 1409 1344 1473 hereditates

195 1512 247 1575 vel
277 1512 387 1594 legata
421 1514 610 1597 relinquere,
647 1517 674 1578 si
712 1513 947 1596 relinquebant,
977 1513 1053 1577 fidei
1091 1513 1344 1577 committebant

195 1633 318 1690 eorum,
343 1617 399 1698 qui
428 1637 546 1700 capere
575 1639 619 1681 ex
649 1627 850 1682 testamento
880 1625 1052 1697 poterant:
1091 1625 1124 1679 et
1150 1616 1225 1679 ideo
1252 1616 1344 1680 fidei-

195 1719 371 1782 commissa
390 1721 559 1802 appellata
581 1732 667 1797 sunt,
684 1723 762 1804 quia
783 1721 874 1783 nullo
888 1719 1019 1783 vinculo
1035 1720 1121 1794 iuris,
1138 1721 1196 1783 sed
1212 1729 1343 1784 tantum

195 1823 321 1903 pudore
342 1844 456 1888 eorum
479 1827 535 1906 qui
559 1826 760 1908 rogabantur
780 1825 1042 1889 continebantur.
1087 1833 1204 1906 postea
1219 1825 1343 1906 primus

195 1925 289 1989 divus
314 1926 488 2009 Augustus
514 1928 616 1992 semel
643 1931 830 2009 iterumque
853 1927 960 2009 gratia
986 1947 1199 2009 personarum
1224 1935 1343 2004 motus,

193 2030 246 2094 vel
270 2033 347 2113 quia
371 2052 431 2114 per
453 2034 554 2116 ipsius
580 2033 722 2098 salutem
753 2041 888 2115 rogatus
918 2033 991 2115 quis
1021 2032 1191 2106 diceretur,
1217 2041 1275 2094 aut
1299 2032 1343 2094 ob

194 2133 358 2217 insignem
374 2137 583 2217 quorundam
599 2137 771 2220 perfidiam
794 2136 889 2201 iussit
908 2134 1097 2199 consulibus
1111 2136 1342 2197 auctoritatem

194 2258 289 2301 suam
312 2239 529 2322 interponere.
574 2243 664 2324 quod
682 2242 760 2324 quia
785 2243 909 2304 iustum
929 2239 1103 2302 videbatur
1126 2248 1160 2302 et
1184 2238 1343 2321 populare

194 2352 273 2419 erat,
300 2342 460 2424 paulatim
492 2365 684 2409 conversum
716 2353 768 2409 est
797 2345 831 2407 in
860 2343 1035 2407 adsiduam
1066 2342 1342 2405 iurisdictionem:

193 2454 372 2529 tantusque
389 2447 481 2512 savor
503 2470 617 2512 eorum
640 2449 747 2513 sactus
769 2458 828 2524 est,
850 2457 887 2511 ut
907 2447 1067 2530 paulatim
1091 2447 1190 2510 etiam
1212 2457 1344 2527 praetor

193 2551 343 2631 proprius
365 2561 536 2626 crearetur,
554 2555 610 2634 qui
633 2552 894 2618 fideicommissis
917 2551 967 2615 ius
989 2550 1121 2628 diceret,
1136 2571 1234 2632 quem
1252 2549 1343 2613 fidei-

193 2657 454 2719 commissarium
475 2657 697 2741 appellabant.

192 2962 224 3016 ol
239 2963 348 3033 objects
366 2965 531 3036 possessing
548 2984 586 3022 no
605 2975 708 3038 proper
719 2967 873 3038 pecuniary
885 2966 975 3034 value,
988 2965 1057 3019 such
1077 2981 1109 3018 as
1128 2964 1295 3018 documents
1314 2964 1347 3018 οἰ

192 3044 261 3112 title,
272 3047 342 3101 Cod.
353 3049 377 3102 6.
394 3061 434 3118 50.
448 3063 489 3119 15,
501 3051 595 3120 legata
608 3051 695 3106 debiti
709 3051 790 3105 when
803 3052 882 3104 there
895 3047 919 3103 is
932 3066 970 3102 no
983 3048 1166 3103 commodum
1179 3063 1341 3117 repraesen-

192 3128 307 3184 tationis
321 3129 387 3200 (Tit.
402 3146 442 3186 zo
461 3147 492 3199 14
505 3133 601 3203 supa),
615 3133 682 3204 Dig.
696 3148 739 3202 30.
753 3135 795 3188 28.
812 3149 841 3198 13
860 3131 982 3201 legacies
1002 3132 1039 3186 ad
1057 3131 1119 3202 pias
1138 3147 1248 3198 causas,
1268 3132 1342 3186 Now.

196 3225 253 3279 131.
267 3227 306 3282 12,
319 3214 376 3267 and
390 3215 471 3270 those
485 3216 575 3270 which
589 3234 626 3286 go
639 3227 668 3270 to
681 3216 765 3270 make
778 3233 816 3285 up
829 3216 877 3269 the
890 3214 1017 3282 legitima
1029 3231 1094 3284 pars
1107 3214 1140 3266 os
1148 3229 1266 3283 persons
1280 3214 1342 3268 who

192 3295 276 3348 could
285 3296 368 3365 bring
380 3298 428 3351 the
438 3300 563 3368 querella
575 3299 723 3352 inofficiosi
733 3297 895 3353 testamenti
909 3315 941 3352 or
954 3299 1002 3352 the
1015 3296 1090 3351 actio
1102 3296 1140 3350 ad
1153 3296 1341 3366 supplendam

192 3377 357 3447 legitimam,
371 3380 442 3435 Cod.
456 3395 480 3448 3.
495 3383 537 3449 38.
551 3381 586 3449 36
599 3398 640 3451 pr.

226 3465 287 3516 att.
300 3465 425 3517 xxm.
439 3464 453 3530 §
468 3467 492 3517 1.
513 3463 757 3531 Fideicommissa,
773 3463 864 3516 which
883 3461 974 3517 under
991 3461 1154 3531 Justinian’s
1175 3463 1240 3517 final
1260 3463 1342 3531 legis-

191 3543 279 3597 lation
297 3544 461 3614 practically
473 3545 583 3600 formed
600 3563 655 3600 one
672 3545 830 3600 institution
843 3545 910 3600 with
927 3544 1058 3612 legacies,
1072 3543 1100 3598 in
1118 3544 1208 3614 origin
1225 3545 1342 3599 difiered

191 3627 264 3680 from
283 3627 361 3680 them
381 3626 408 3681 in
428 3630 526 3698 nearly
543 3646 627 3698 every
646 3639 763 3698 respect.
803 3629 862 3683 Not
880 3627 967 3698 being
985 3627 1088 3696 legally
1100 3627 1220 3697 binding
1238 3627 1266 3680 in
1286 3645 1342 3696 any

192 3725 258 3762 case
275 3725 311 3762 on
330 3709 378 3764 the
395 3710 456 3766 heir
468 3729 500 3765 or
512 3712 593 3767 other
608 3728 711 3782 person
725 3712 788 3766 who
801 3727 858 3766 was
875 3709 999 3780 charged
1012 3709 1078 3764 with
1091 3711 1177 3778 them,
1192 3711 1270 3765 there
1284 3729 1341 3765 was

191 3790 311 3861 nothing
329 3801 359 3846 to
376 3793 412 3848 be
430 3793 534 3864 gained
548 3795 586 3865 by
599 3794 736 3865 inserting
751 3796 828 3850 them
845 3795 873 3849 in
891 3813 909 3850 a
921 3794 984 3862 will,
998 3811 1030 3848 so
1046 3794 1107 3848 that
1125 3792 1262 3862 probably
1274 3795 1342 3864 they

191 3891 264 3930 were
283 3873 311 3928 in
330 3886 404 3930 most
424 3893 505 3932 cases
523 3879 583 3933 oral
602 3895 634 3933 or
652 3877 804 3933 contained
823 3878 852 3932 in
870 3877 991 3933 codicilli
1009 3877 1075 3947 (Tit.
1090 3890 1122 3947 25
1137 3876 1216 3944 inl.);
1235 3877 1291 3932 this
1311 3889 1340 3934 at

191 3959 262 4014 least
281 3976 374 4014 seems
394 3971 423 4015 to
436 3961 472 4016 be
489 3963 536 4016 the
553 3963 664 4017 natural
681 3961 823 4018 inlerence
836 3963 908 4016 from
923 3962 971 4016 the
985 3962 1041 4016 lact
1058 3962 1119 4016 that
1133 3960 1254 4015 codicilli
1268 3979 1341 4018 were

191 4042 305 4097 clothed
318 4043 384 4098 with
397 4043 555 4114 obligatory
567 4045 644 4100 lorce
656 4046 758 4100 almost
772 4045 1004 4114 simultaneously
1014 4045 1080 4100 with
1093 4045 1244 4114 Augustus’
1256 4044 1341 4099 inter-

191 4125 306 4180 vention
326 4126 354 4181 in
367 4127 465 4182 favour
481 4129 514 4182 ol
523 4129 750 4184 fideicommissa.
790 4131 823 4183 ln
838 4129 959 4184 Cicero's
977 4129 1045 4184 time
1063 4128 1083 4182 it
1098 4145 1154 4182 was
1172 4127 1340 4183 considered

191 4225 228 4263 an
242 4210 342 4264 honest
360 4212 449 4266 man's
462 4211 532 4281 duty
544 4221 574 4266 to
590 4227 671 4280 carry
683 4223 732 4267 out
745 4211 966 4266 fideicommissa
979 4213 1074 4266 whose
1091 4211 1184 4280 object
1198 4228 1255 4264 was
1273 4211 1340 4280 legi-

191 4291 298 4362 timare,
312 4293 393 4348 while
406 4295 488 4349 those
501 4294 591 4349 which
605 4295 700 4350 aimed
712 4305 741 4350 at
760 4313 797 4349 an
810 4295 926 4350 evasion
939 4295 972 4349 os
981 4296 1033 4349 law
1046 4311 1118 4348 were
1136 4293 1339 4364 disregarded;

192 4374 286 4430 defin.
302 4391 326 4431 2.
343 4391 373 4443 17
387 4377 445 4432 and
462 4379 498 4433 18.
538 4379 561 4432 F
563 4395 595 4432 or
607 4377 680 4434 their
696 4378 863 4433 conversion
882 4378 942 4432 into
960 4395 997 4432 an
1011 4377 1149 4432 ‘adsidua
1168 4377 1340 4434 iurisdictio'

192 4458 226 4514 cf.
241 4459 402 4530 Suetonius,
416 4461 513 4516 Claud
529 4475 562 4530 23
582 4461 820 4517 ‘iurisdictionem
837 4461 874 4517 de
894 4461 1119 4516 fideicommissis
1139 4461 1291 4532 quotannis
1310 4473 1338 4519 et

192 4551 302 4596 tanturn
315 4541 344 4597 in
357 4545 426 4600 urbe
439 4544 562 4614 delegari
575 4545 786 4616 magistratibus
799 4545 921 4614 solitam,
935 4544 963 4599 in
976 4555 1142 4616 perpetuum
1155 4555 1240 4616 atque
1252 4547 1339 4604 etiam
