3274 5152
326 377 392 462 258
528 384 632 439 INST
629 383 677 440 IT
679 384 734 440 UT
733 383 881 440 IONUM
898 383 1017 440 LIBRI
1035 385 1272 458 QUATTUOR.
1360 389 1431 456 [Lib.
1443 393 1475 448 tt.

326 552 415 618 natis
437 551 551 634 aequis
573 573 617 616 ex
638 551 789 636 partibus
805 573 861 616 eos
876 551 1014 616 heredes
1030 575 1111 619 esse.
1140 555 1290 637 partibus
1305 563 1417 620 autem
1440 543 1474 620 in

326 641 536 720 quorundam
552 640 699 722 personis
720 639 892 720 expressis,
909 641 937 702 si
959 641 1033 722 quis
1054 641 1139 704 alius
1160 643 1231 706 sine
1253 651 1347 725 parte
1370 645 1475 708 nomi·

327 751 425 806 natus
452 745 521 822 erit,
546 742 573 806 si
600 743 736 826 quidem
759 741 872 824 aliqua
900 763 977 826 pars
1005 743 1071 807 assi
1101 745 1216 820 deerit,
1245 767 1289 810 ex
1314 767 1354 810 ea
1379 757 1474 829 parte

322 843 421 920 heres
437 845 492 908 fit:
517 855 550 908 et
565 846 592 908 si
608 846 717 928 plures
732 845 803 908 sine
819 855 914 926 parte
929 846 1041 930 scripti
1063 857 1151 923 sunt,
1167 869 1281 912 omnes
1300 850 1334 912 in
1355 851 1473 921 eadent

326 959 422 1031 parte
445 959 646 1013 concurrent.
677 951 704 1012 si
725 970 804 1013 vero
826 958 917 1013 totus
939 971 976 1014 as
998 951 1182 1033 completus
1206 955 1257 1032 sit,
1283 955 1317 1016 in
1343 963 1472 1036 partem

325 1051 499 1116 dimidiam
514 1061 650 1116 vocatur
671 1061 705 1116 et
725 1052 780 1118 ille
802 1052 854 1118 vel
877 1052 923 1116 illi
944 1074 1061 1119 omnes
1082 1055 1115 1117 in
1135 1055 1273 1120 alteram
1289 1057 1472 1122 dimidiam.

326 1173 387 1218 nec
417 1155 562 1234 interest,
592 1158 717 1238 primus
743 1177 786 1220 an
816 1157 945 1220 medius
973 1177 1016 1220 an
1052 1158 1248 1222 novissimus
1277 1161 1348 1222 sine
1378 1171 1472 1242 parte

296 1261 313 1315 7
326 1256 466 1340 scriptus
478 1258 539 1324 sit:
563 1279 603 1322 ea
618 1260 706 1324 enim
721 1279 797 1342 pars
809 1258 889 1324 data
900 1259 1101 1344 intellegitur
1115 1283 1200 1344 quae
1215 1271 1320 1327 vacat.
1349 1262 1472 1327 Videa·

320 1379 408 1438 mus,
422 1361 450 1424 si
465 1381 541 1444 pars
556 1362 666 1444 aliqua
680 1373 775 1428 vacet
790 1383 856 1450 nec·
865 1373 978 1428 tamen
994 1365 1169 1448 quisquam
1183 1368 1253 1430 sine
1268 1376 1362 1450 parte
1376 1367 1472 1435 heres

324 1463 495 1529 institutus
516 1465 568 1543 sit,
583 1467 663 1549 quid
679 1467 755 1530 iuris
770 1467 837 1532 sit?
863 1467 966 1532 veluti
985 1469 1012 1532 si
1032 1477 1100 1533 tres
1121 1491 1165 1534 ex
1181 1472 1306 1552 quartis
1320 1471 1471 1554 partibus

291 1597 293 1604 ·
322 1566 462 1636 heredes
473 1570 585 1652 scripti
597 1580 684 1636 sunt.
711 1579 744 1636 et
758 1579 889 1635 constat
900 1583 1075 1637 vacantem
1084 1583 1212 1656 partem
1223 1575 1359 1658 singulis
1370 1577 1470 1642 tacite

323 1691 385 1754 pro
414 1671 612 1740 hereditaria
637 1684 732 1758 parte
761 1675 918 1740 accedere
942 1686 976 1742 et
1002 1678 1138 1760 perinde
1163 1679 1284 1758 haberi,
1311 1680 1401 1744 acsi
1426 1701 1470 1752 ex

319 1777 429 1840 tertiis
444 1778 592 1860 partibus
608 1778 747 1842 heredes
762 1780 873 1862 scripti
897 1789 1024 1844 essent:
1049 1791 1083 1846 et
1098 1802 1141 1850 ex
1157 1783 1286 1846 diverso
1301 1783 1329 1846 si
1344 1782 1420 1866 plus
1435 1783 1469 1854 in

315 1882 528 1962 portionibus
550 1885 601 1959 sit,
625 1884 725 1948 tacite
750 1883 887 1966 singulis
912 1885 1106 1960 decrescere,
1130 1895 1176 1966 ut,
1199 1887 1226 1950 si
1248 1887 1340 1950 verbi
1362 1889 1469 1969 gratia

318 1993 481 2064 quattuor
503 2007 547 2050 ex
568 1988 673 2051 tertiis
694 1987 844 2070 partibus
866 1985 1004 2052 heredes
1026 1989 1138 2072 scripti
1162 1990 1236 2068 sint,
1252 1991 1387 2073 perinde
1408 1991 1468 2054 ha·

320 2087 469 2168 beantur,
491 2111 530 2154 ac
553 2092 580 2154 si
606 2092 832 2174 unusquisque
854 2111 898 2155 ex
920 2101 1038 2174 quarta
1062 2093 1156 2176 p'arte
1180 2095 1321 2176 scriptus
1344 2094 1467 2162 suisset.

291 2189 368 2254 8Et
389 2191 417 2254 si
439 2191 549 2276 plures
572 2197 687 2259 unciae
708 2215 810 2278 quarn
833 2195 1009 2259 duodecim
1032 2197 1227 2262 distributae
1249 2209 1335 2276 sunt,
1354 2198 1389 2276 is,
1410 2199 1467 2281 qui

320 2293 391 2366 sine
406 2305 499 2382 parte
510 2299 678 2362 institutus
690 2307 749 2376 est,
761 2298 850 2380 quod
863 2297 1021 2383 dipondio
1033 2301 1127 2364 deest
1138 2301 1274 2365 habebit
1285 2324 1292 2362 :
1304 2301 1467 2384 ¹idemque

321 2399 393 2475 erit,
415 2400 442 2463 si
464 2400 642 2484 dipondius
660 2401 814 2484 expletus
828 2402 881 2468 sit.
911 2424 998 2485 quae
1018 2425 1134 2470 omnes
1156 2414 1268 2488 partes
1290 2407 1333 2470 ad
1357 2425 1465 2477 assem

320 2511 437 2582 postea
452 2513 655 2581 revocantur,
671 2507 821 2588 quamvis
836 2505 902 2569 sint
917 2506 1060 2589 plurium
1076 2510 1256 2573 unciarum.

289 2605 321 2674 θ’
365 2603 473 2670 Heres
495 2617 529 2671 et
551 2628 632 2692 pure
655 2619 689 2672 et
711 2608 773 2672 sub
796 2611 989 2674 condicione
1008 2611 1134 2676 institui
1157 2620 1278 2695 potest.
1309 2632 1354 2675 ex
1375 2620 1466 2676 certo

320 2717 471 2794 ternpore
486 2721 544 2776 aut
566 2713 609 2777 ad
633 2722 758 2778 certum
774 2722 907 2797 tempus
922 2736 988 2779 non
1006 2725 1126 2798 potest,
1142 2716 1244 2780 veluti
1261 2723 1355 2800 ‘post
1370 2717 1466 2799 quin·

318 2815 499 2893 quennium
522 2837 623 2899 quam
646 2813 784 2882 moriar'
798 2818 851 2882 vel
866 2822 928 2882 ‘ex
943 2819 1093 2883 kalendis
1108 2817 1191 2883 illis'
1206 2828 1264 2884 aut
1283 2819 1465 2902 ‘usquead

318 2916 479 2984 kalendas
495 2919 567 2984 illas
582 2920 676 2986 heres
691 2919 796 2986 esto’:
819 2922 975 3004 diemque
994 2922 1161 2986 adiectum
1181 2943 1240 3005 pro
1262 2942 1465 3005 supervacuo

316 3020 430 3086 baberi
453 3024 561 3107 placet
577 3036 611 3090 et
625 3027 762 3109 perinde
776 3047 857 3102 esse,
873 3027 955 3091 acsi
970 3047 1052 3110 pure
1069 3026 1165 3092 heres
1181 3028 1352 3092 institutus
1368 3037 1464 3094 esset.

352 3252 366 3318 §
381 3254 410 3308 9.
429 3253 486 3308 For
497 3253 628 3310 condicio
640 3255 698 3310 and
711 3253 772 3310 dies
784 3253 814 3310 in
826 3255 942 3324 general
955 3271 1003 3310 see
1016 3272 1062 3326 pp.
1080 3267 1201 3326 152-154
1214 3273 1288 3326 supr.
1320 3258 1371 3311 An
1380 3256 1463 3312 exhe-

315 3336 444 3392 redation
457 3338 541 3398 could
553 3348 603 3394 not
615 3337 748 3394 bertrade
767 3337 876 3408 subject
894 3349 925 3394 to
939 3355 958 3394 a
974 3338 1119 3394 condition
1132 3340 1229 3396 unless
1241 3341 1290 3395 the
1302 3339 1379 3396 child
1391 3356 1464 3400 were

192 3461 198 3474 .
316 3418 463 3476 instituted
475 3421 504 3476 in
517 3423 566 3477 the
578 3432 709 3492 contrary
721 3431 813 3490 event,
829 3421 894 3492 Dig.
907 3423 951 3478 28.
966 3435 988 3492 5.
1003 3437 1029 3490 4,
1042 3421 1079 3478 ib.
1092 3423 1118 3479 6.
1134 3439 1156 3480 1.

352 3503 414 3558 The
431 3503 587 3560 institution
602 3505 636 3560 ot'
647 3521 684 3560 an
700 3505 762 3560 heir
780 3522 815 3559 ex
832 3514 960 3575 tempore
980 3522 1012 3560 or
1026 3505 1065 3560 ad
1080 3517 1192 3577 tempus
1208 3505 1235 3576 (i.
1244 3524 1270 3562 e.
1283 3523 1318 3562 ex
1330 3505 1377 3562 die
1389 3523 1422 3560 or
1433 3504 1462 3568 in

315 3585 413 3656 diem),
421 3603 453 3642 or
462 3587 571 3658 subiect
582 3598 613 3644 to
625 3605 643 3644 a
654 3587 805 3644 resolutive
818 3587 972 3655 condition,
980 3588 1073 3644 would
1082 3589 1186 3645 violate
1196 3591 1244 3646 the
1256 3589 1362 3646 maxim
1374 3591 1463 3645 semel

313 3669 405 3739 heres,
419 3687 531 3740 semper
542 3672 633 3740 heres,
643 3672 701 3726 and
719 3671 789 3726 such
808 3671 1015 3742 qualifications
1028 3689 1100 3727 were
1116 3671 1298 3743 accordingly
1311 3672 1397 3728 taken
1410 3689 1462 3742 pro

313 3769 372 3810 non
391 3752 502 3823 scriptis
525 3753 591 3824 Dig.
604 3755 648 3810 28.
662 3766 686 3824 5.
699 3767 741 3822 34,
755 3753 792 3808 ib.
810 3755 855 3822 88,
874 3764 974 3824 except
994 3753 1023 3808 in
1041 3754 1169 3810 soldiers’
1189 3755 1267 3824 wills,
1288 3753 1354 3824 Dig.
1373 3769 1417 3825 29.
1439 3771 1461 3814 1.

313 3849 357 3903 17.
369 3853 423 3906 pr,
436 3835 465 3892 in
478 3836 569 3892 which
582 3837 630 3892 the
642 3836 725 3892 effect
738 3837 771 3892 oi
779 3836 870 3892 adies
883 3855 917 3892 ex
930 3854 986 3908 quo
998 3853 1056 3894 was
1069 3838 1203 3908 deletion,
1214 3837 1284 3894 until
1296 3839 1345 3894 the
1360 3838 1462 3899 arrival

313 3919 346 3972 of
364 3920 412 3974 the
432 3919 502 3990 dies,
518 3929 548 3975 to
568 3921 616 3976 the
636 3919 768 3977 intestate
789 3920 874 3989 heirs,
892 3919 959 3990 Dig.
972 3934 1015 3990 29.
1031 3935 1052 3976 1.
1066 3935 1110 3988 41.
1123 3937 1174 3992 pr.,
1187 3922 1250 3976 that
1268 3920 1301 3976 of
1315 3939 1333 3977 a
1351 3920 1412 3978 dies
1431 3921 1460 3984 in

313 4019 407 4072 quern,
415 4017 447 4056 or
459 4003 508 4057 the
517 4002 665 4058 tulnlnent
677 4003 710 4058 oi
718 4020 736 4058 a
745 4003 895 4058 resolutive
908 4002 1054 4060 condition
1067 4014 1166 4060 wasto
1179 4004 1246 4060 shift
1259 4006 1308 4060 the
1316 4004 1460 4068 hereditas

312 4099 350 4138 on
363 4093 393 4138 to
405 4085 454 4140 the
466 4083 642 4154 substitutus,
655 4101 695 4155 or,
708 4085 732 4140 it
739 4087 819 4143 there
831 4103 903 4142 were
916 4103 999 4158 none,
1012 4097 1043 4143 to
1055 4087 1103 4146 the
1116 4088 1237 4144 heredes
1250 4087 1444 4145 abintestato.

346 4167 426 4224 Thus
445 4167 493 4223 the
512 4169 579 4238 only
596 4168 741 4224 condition
759 4186 835 4240 upon
854 4169 945 4225 which
966 4188 1003 4226 an
1023 4170 1156 4240 ordinary
1173 4169 1332 4227 institution
1351 4189 1404 4227 can
1423 4172 1460 4230 be

311 4251 438 4307 madero
451 4251 565 4323 depend
582 4251 606 4306 is
625 4269 642 4310 a
660 4251 826 4322 suspensive
838 4270 901 4309 one.
938 4255 1000 4310 The
1013 4255 1095 4312 effect
1108 4255 1141 4309 oi
1150 4253 1206 4312 this
1219 4272 1285 4324 was,
1298 4253 1415 4324 strictly,
1428 4264 1459 4310 to

310 4345 451 4405 postpone
463 4333 568 4390 delatio
580 4345 610 4392 to
622 4337 671 4392 the
684 4335 827 4392 institutus
839 4337 881 4392 till
893 4338 942 4394 the
960 4337 1106 4394 condition
1119 4355 1177 4393 was
1195 4337 1320 4407 fullilled,
1335 4337 1401 4408 Dig.
1415 4353 1457 4409 29.

311 4431 334 4472 2
350 4418 441 4488 369:
459 4418 509 4476 but
524 4419 573 4476 the
589 4419 705 4491 opinion
722 4420 755 4474 of
770 4420 883 4476 Mucius
901 4422 1039 4478 Scaeuola
1055 4438 1113 4476 was
1131 4421 1279 4492 gradually
1291 4420 1459 4492 recognised

310 4515 343 4557 as
355 4502 417 4576 law,
429 4502 490 4574 that
503 4519 636 4578 apersou
649 4501 796 4564 instituted
808 4503 899 4564 under
911 4521 929 4562 a
941 4504 1071 4562 condicio
1084 4521 1145 4562 non
1158 4503 1280 4562 faciendi
1292 4503 1458 4584 practically
