3312 5188
167 441 285 506 Titan]
356 437 512 510 QUIBUS
534 437 670 493 MODIS
690 437 917 494 OBLIGATIO
943 439 971 493 T
970 437 1094 494 OLLIT
1097 437 1156 492 UR.
1257 439 1319 508 451

168 605 299 670 tionem
320 625 418 688 posse
437 603 509 668 aliis
524 603 632 667 verbis
648 602 801 667 dissolvi:
828 605 887 668 sed
904 603 947 678 id,
968 603 1058 686 quod
1079 623 1124 666 ex
1142 602 1207 666 alia
1223 621 1322 666 causa

169 709 323 787 debetur,
339 717 450 792 potest
466 709 498 770 in
514 705 761 790 stipulationem
777 709 895 772 deduci
911 718 944 772 et
960 727 1019 790 per
1033 707 1321 789 acceptilationem

169 813 317 878 dissolvi.
351 813 435 876 sicut
458 819 570 874 autem
592 811 682 892 quod
704 811 844 875 debetur
865 831 925 894 pro
948 821 1042 893 parte
1063 821 1151 875 recte
1174 811 1321 882 solvitur,

171 919 221 982 ita
243 918 276 980 in
301 927 430 999 partem
460 915 565 979 debiti
591 914 799 996 acceptilatio
826 915 895 979 fieri
925 925 1045 998 potest.
1101 915 1164 980 Est
1190 915 1352 997 prodita2

170 1021 352 1104 stipulatio,
375 1039 461 1102 quae
475 1019 575 1103 vulgo
596 1019 777 1102 Aquiliana
795 1019 988 1102 appellatur,
1013 1041 1072 1102 per
1094 1039 1195 1102 quam
1218 1019 1322 1100 stipu-

152 1126 336 1217 ‚lationem
352 1124 524 1208 contingit,
541 1133 576 1187 ut
599 1123 747 1202 omnium
768 1143 875 1186 rerum
891 1123 1051 1206 obligatio
1070 1125 1103 1186 in
1126 1122 1321 1205 stipulatum

172 1209 356 1296 de'ducatur
372 1239 406 1294 et
427 1251 466 1294 ea
486 1249 545 1311 per
559 1227 845 1311 acceptilationem
864 1228 1010 1293 tollatur.
1049 1229 1218 1312 stipulatio
1234 1229 1322 1292 enim

172 1333 354 1416 Aquiliana
381 1343 481 1396 novat
508 1352 623 1396 omnes
647 1333 865 1413 obligationes
891 1343 925 1396 et
951 1353 971 1396 a
997 1333 1094 1396 Gallo
1117 1331 1254 1416 Aquilio
1277 1332 1324 1396 ita

174 1441 361 1521 composita
377 1446 447 1500 est:
472 1436 650 1520 ‘quidquid
672 1445 706 1500 te
727 1437 807 1500 mihi
826 1457 870 1500 ex
895 1457 1103 1519 quacumque
1124 1457 1223 1502 causa
1245 1437 1324 1500 dare

172 1542 281 1606 facere
296 1549 427 1624 oportet
442 1540 608 1622 oportebit
623 1561 778 1622 praesens
794 1542 827 1603 in
849 1542 979 1604 diemve
994 1561 1200 1623 quarumque
1216 1561 1323 1604 rerum

175 1645 256 1708 mihi
275 1656 384 1710 tecum
405 1647 493 1709 actio
516 1665 666 1727 quaeque
688 1645 749 1708 abs
770 1655 803 1708 te
824 1645 940 1727 petitio
955 1644 1009 1708 vel
1029 1645 1186 1709 adversus
1201 1655 1236 1709 te
1252 1665 1324 1726 per-

174 1749 300 1814 secutio
316 1759 366 1813 est
382 1750 443 1814 erit
457 1751 612 1832 quodque
635 1758 672 1812 tu
696 1769 806 1812 meum
825 1749 928 1812 habes
944 1760 1037 1813 tenes
1055 1749 1205 1830 possides
1220 1750 1325 1830 possi·

175 1855 311 1917 dercsve
338 1853 457 1916 dolove
487 1853 576 1916 malo
603 1851 720 1928 fecisti,
750 1873 817 1936 quo
844 1853 952 1916 minus
982 1853 1172 1936 possideas:
1210 1851 1325 1934 quanti

176 1978 328 2040 quaeque
348 1976 460 2020 earum
485 1977 592 2020 rerum
613 1977 664 2020 res
688 1959 757 2035 erit,
777 1965 908 2020 tantam
930 1958 1104 2039 pecuniam
1127 1956 1198 2020 dari
1221 1955 1323 2037 stipu-

175 2061 263 2125 latus
279 2069 328 2124 est
344 2060 453 2124 Aulus
469 2060 623 2144 Agerius,
635 2063 815 2144 spopondit
831 2063 1009 2128 Numerius
1026 2058 1205 2144 Negidius’
1244 2059 1324 2123 item

177 2187 196 2228 e
219 2166 347 2229 diverso
369 2167 547 2229 Numerius
574 2167 736 2249 Negidius
757 2168 969 2250 interrogavit
993 2166 1120 2230 Aulum
1143 2165 1323 2248 Agerium:

178 2269 355 2351 ‘quidquid
386 2270 446 2334 tibi
476 2269 636 2334 hodierno
662 2271 716 2335 die
747 2291 806 2354 per
832 2271 1047 2354 Aquilianam
1077 2269 1324 2353 stipulationem

177 2374 350 2456 spopondi,
380 2374 413 2438 id
447 2393 546 2438 omne
575 2374 721 2454 habesne
751 2372 970 2458 acceptumi’
1015 2375 1186 2457 respondit
1215 2372 1325 2438 Aulus

178 2643 350 2714 stipulation,
369 2646 492 2715 perhaps
511 2644 661 2715 employed
680 2644 723 2698 lor
741 2643 886 2713 security's
905 2643 974 2698 sake
992 2661 1063 2699 even
1083 2644 1175 2698 where
1193 2643 1241 2698 the
1258 2642 1326 2698 debt

178 2745 236 2782 was
253 2728 401 2784 otherwise
420 2728 590 2798 discharged
608 2729 641 2797 (e.
652 2745 678 2797 g.
691 2728 730 2797 by
746 2726 901 2797 payment),
919 2727 976 2782 and
995 2737 1044 2782 not
1063 2728 1129 2796 only
1143 2727 1185 2796 (as
1205 2727 1253 2782 the
1269 2737 1327 2782 text

179 2811 321 2882 suggests)
335 2814 416 2867 when
430 2830 447 2867 a
459 2813 616 2882 gratuitous
633 2813 741 2867 release
757 2829 814 2866 was
832 2811 976 2866 intended.
1015 2812 1055 2866 lts
1072 2810 1281 2882 specialisation
1298 2821 1328 2866 to

179 2896 227 2950 the
245 2896 398 2950 extinction
418 2897 451 2950 oi
465 2896 635 2966 obligations
655 2895 785 2950 incurred
803 2895 896 2950 verbis
918 2894 943 2951 is
964 2895 1078 2950 alluded
1096 2904 1126 2949 to
1145 2894 1173 2960 in
1193 2896 1328 2964 Terence,

180 2979 302 3051 Adelph.
319 2995 343 3034 2.
365 2995 386 3035 1.
408 2996 440 3034 10
458 2981 565 3052 ‘neque
583 2991 614 3035 tu
636 2981 730 3034 verber
753 2981 845 3034 solves
865 2996 999 3050 unquam,
1018 2979 1095 3050 quod
1116 2977 1184 3032 mihi
1204 2996 1234 3033 re
1252 2980 1326 3034 male

179 3064 296 3118 leceris?
332 3066 471 3119 Whether
483 3083 520 3120 an
539 3063 718 3134 acceptilatio
735 3063 764 3117 in
783 3073 892 3133 partem
910 3063 997 3118 debiti
1016 3080 1072 3117 was
1086 3061 1161 3117 valid
1180 3062 1236 3117 had
1254 3063 1327 3118 been

180 3147 312 3217 disputed
330 3148 358 3203 in
373 3149 470 3204 Gaius’
482 3148 559 3216 time,
572 3147 608 3202 iii.
627 3161 685 3214 172.
720 3146 884 3217 Justinian’s
904 3155 1055 3201 statement
1074 3146 1107 3200 of
1121 3147 1169 3200 the
1187 3147 1240 3201 law
1252 3157 1327 3200 must

179 3231 215 3286 be
235 3232 321 3287 taken
341 3233 449 3302 subject
469 3243 498 3287 to
520 3233 568 3287 the
588 3231 752 3285 distinction
771 3231 867 3284 drawn
885 3231 924 3298 by
943 3229 1068 3299 Ulpian:
1089 3228 1129 3284 ‘si
1149 3229 1186 3298 id,
1204 3230 1280 3300 quod
1300 3229 1329 3284 in

181 3315 391 3385 stipulationem
416 3315 569 3370 deductum
594 3323 646 3382 est,
672 3312 840 3367 divisionem
864 3329 921 3366 non
943 3312 1069 3382 recipiat,
1094 3313 1273 3383 acceptilatio
1298 3312 1326 3366 in

180 3408 290 3468 panem
309 3397 411 3452 nullius
430 3397 482 3452 erit
502 3396 646 3464 momenti,
659 3405 689 3450 ut
709 3403 778 3464 puta
796 3395 820 3449 si
839 3394 959 3449 servitus
978 3395 1028 3448 luit
1047 3395 1154 3464 praedii
1171 3396 1267 3451 rustici
1284 3398 1329 3450 vel

181 3481 288 3534 urbani.
328 3481 414 3534 Plane
434 3481 457 3534 si
476 3479 650 3534 ususfructus
668 3477 704 3533 sit
722 3478 750 3532 in
769 3477 980 3546 stipulationem
1000 3478 1146 3547 deductus,
1163 3489 1232 3548 puta
1250 3479 1328 3534 fundi

182 3562 295 3631 Titiani,
313 3563 416 3632 poterit
434 3580 486 3632 pro
505 3571 584 3632 parte
604 3560 782 3632 acceptilatio
802 3559 860 3615 fieri
878 3571 906 3616 et
925 3560 977 3616 erit
996 3560 1126 3616 residuae
1144 3561 1231 3631 partis
1250 3561 1328 3616 fundi

181 3646 373 3700 ususfructus:
409 3646 432 3700 si
458 3657 554 3701 tamen
579 3644 654 3700 viam
685 3643 748 3716 quis
772 3643 922 3714 stipulatus
946 3654 1064 3714 accepto
1089 3643 1142 3698 iter
1165 3645 1210 3698 vel
1234 3654 1329 3699 actum

181 3729 285 3798 iecerit,
303 3729 483 3800 acceptilatio
501 3728 604 3784 nullius
623 3727 675 3784 erit
694 3727 846 3782 momenti’
866 3727 930 3797 Dig.
944 3727 986 3794 46.
1001 3743 1026 3795 4.
1043 3742 1081 3796 13.
1099 3742 1119 3783 1.
1158 3729 1220 3782 The
1237 3728 1329 3783 words

183 3813 227 3869 ‘ut
241 3813 376 3868 diximus'
388 3813 417 3868 in
430 3813 487 3868 this
499 3812 608 3868 section
621 3830 668 3868 are
682 3812 767 3868 taken
781 3811 853 3866 from
867 3810 955 3866 Gaius
968 3811 1005 3867 iii.
1024 3825 1080 3880 170,
1093 3811 1151 3866 and
1163 3814 1330 3882 apparently

182 3900 295 3954 referto
308 3914 387 3953 some
406 3915 528 3969 passage
545 3897 573 3952 in
591 3897 636 3952 his
657 3896 803 3952 Institutes
816 3895 907 3950 which
921 3897 972 3952 has
989 3905 1038 3952 not
1056 3912 1137 3951 corne
1151 3895 1233 3952 down
1246 3905 1330 3966 tous,

183 3999 214 4036 or
226 3984 347 4053 perhaps
361 3992 458 4038 tuone
471 3982 503 4038 of
512 3981 556 4037 his
569 3983 650 4036 other
661 3981 761 4036 works.

218 4063 275 4135 §A
293 4069 335 4120 As
354 4066 377 4121 is
397 4065 459 4121 said
478 4065 507 4120 in
526 4067 574 4121 the
592 4064 746 4136 preceding
763 4063 880 4133 section,
893 4081 911 4118 a
929 4064 998 4120 debt
1017 4063 1146 4119 incurred
1159 4063 1188 4118 in
1201 4081 1258 4134 any
1270 4081 1331 4135 way

184 4149 358 4204 whatsoever
370 4150 453 4205 could
467 4151 502 4205 be
515 4149 705 4205 transformed
717 4149 756 4219 by
768 4148 882 4203 novatio
895 4147 955 4203 into
968 4165 986 4203 a
998 4148 1093 4202 verbal
1105 4147 1260 4218 obligation
1274 4150 1332 4204 and

183 4232 250 4286 then
268 4233 397 4289 released
415 4234 454 4303 by
466 4233 653 4304 acceptilatio.
691 4235 735 4288 To
754 4233 853 4287 Gallus
866 4232 996 4303 Aquilius
1010 4233 1087 4301 (note
1100 4249 1137 4286 on
1151 4232 1202 4287 Bk.
1216 4229 1244 4288 ii.
1261 4247 1271 4286 r
1276 4247 1300 4300 3.
1318 4247 1328 4286 1

184 4315 269 4385 supr.)
283 4327 358 4372 must
371 4318 407 4373 be
420 4317 552 4373 awarded
570 4317 619 4372 the
638 4315 720 4372 merit
733 4316 767 4370 ol
780 4315 886 4386 having
898 4315 1014 4371 devised
1027 4332 1045 4370 a
1057 4315 1177 4370 sormula
1188 4315 1227 4385 by
1239 4315 1330 4370 which

184 4399 220 4454 all
241 4399 412 4469 obligations
432 4400 461 4456 in
486 4399 577 4456 which
602 4417 657 4456 one
678 4400 736 4456 and
759 4399 808 4455 the
830 4417 909 4456 same
933 4415 1036 4470 person
1061 4415 1119 4454 was
1143 4399 1252 4470 debtor,
1275 4399 1333 4454 and

184 4484 302 4538 another
320 4483 378 4539 and
396 4486 445 4540 the
464 4501 543 4540 same
562 4483 691 4554 creditor,
704 4483 789 4540 could
807 4483 843 4539 be
862 4483 1014 4538 embraced
1028 4481 1087 4537 ina
1105 4481 1195 4552 single
1208 4482 1333 4552 novatio,

184 4567 241 4622 and
250 4568 369 4640 thereby
378 4568 415 4626 be
427 4567 581 4626 converted
593 4567 654 4626 into
665 4565 787 4639 asingle
799 4565 964 4640 obligatiou‚
973 4565 1066 4623 which
1075 4566 1159 4623 could
1168 4566 1245 4638 then,
1259 4566 1278 4622 it
1291 4585 1333 4624 re·

708 4662 820 4721 μ
