3286 5144
301 388 364 463 35²
505 379 856 440 INSTITUTIONUM
873 376 992 432 LIBRI
1011 374 1247 448 QUATTUOR.
1334 375 1454 442 [Libui.

272 549 395 614 3cuius
425 547 485 611 iuri
514 545 663 610 subiecta
693 552 753 609 est.
813 541 1044 607 Praeferuntur
1075 548 1188 606 autem
1224 541 1322 605 matri
1357 542 1452 607 liberi

302 652 458 728 defuncti,
480 650 536 732 qui
559 649 609 714 sui
632 657 708 711 sunt
732 647 830 730 quive
853 667 986 710 suorum
1010 645 1091 723 loc0,
1115 646 1185 708 sive
1208 645 1305 727 primi
1329 646 1452 728 gradus

301 755 371 820 sive
399 754 571 818 ulterioris.
619 753 677 815 sed
709 759 742 814 et
777 749 865 813 filiae
896 769 976 812 suae
1007 758 1157 812 mortuae
1186 747 1272 812 filius
1301 749 1353 812 vel
1384 749 1452 813 filia

302 856 481 940 opponitur
503 877 547 920 ex
569 853 858 919 constitutionibus
888 852 985 916 matri
1011 851 1194 928 defunctae,
1219 851 1253 914 id
1280 859 1331 916 est
1357 853 1452 916 aviae

302 981 391 1026 suae.
430 969 525 1042 pater
546 977 678 1042 quoque
701 957 880 1038 utriusque,
907 976 972 1020 non
997 956 1098 1020 etiam
1124 975 1204 1018 avus
1229 953 1283 1018 vel
1309 975 1451 1038 proavus

302 1063 399 1130 matri
422 1062 639 1146 anteponitur,
661 1060 789 1126 scilicet·
807 1081 882 1126 curn
905 1061 989 1126 inter
1012 1080 1069 1126 eos
1091 1059 1180 1124 solos
1202 1059 1245 1124 de
1267 1058 1453 1126 hereditate

302 1169 420 1252 agitur.
475 1166 576 1230 frater
603 1173 716 1230 autem
746 1165 1007 1248 consanguineus
1039 1173 1110 1228 tarn
1141 1163 1200 1228 filii
1230 1184 1330 1247 quam
1364 1164 1453 1229 filiae

303 1270 504 1336 excludebat
529 1277 689 1334 matrem:
713 1288 805 1332 soror
826 1278 939 1332 autern
961 1269 1206 1352 consanguinea
1230 1269 1354 1350 pariter
1375 1289 1451 1333 cum

303 1385 409 1440 matre
424 1373 680 1436 admittebatur:
704 1371 763 1436 sed
780 1373 807 1436 si
823 1371 930 1436 fuerat
944 1371 1044 1436 frater
1059 1380 1092 1435 et
1111 1391 1202 1435 soror
1217 1372 1453 1456 consanguinei

303 1487 337 1540 et
359 1486 465 1540 mater
486 1475 596 1539 liberis
613 1473 783 1548 honorata,
806 1474 906 1539 frater
927 1475 1061 1556 quidem
1080 1482 1220 1538 matrem
1241 1473 1452 1552 excludebat,

302 1581 486 1646 communis
511 1589 626 1644 autem
649 1588 719 1644 erat
740 1579 906 1644 hereditas
929 1599 973 1642 ex
996 1579 1109 1662 aequis
1131 1578 1279 1661 partibus
1302 1578 1394 1643 fratri
1417 1589 1451 1644 et

272 1686 415 1750 tsorori.
460 1684 528 1750 Sed
544 1704 604 1747 nos
619 1684 863 1762 constitutione,
878 1705 978 1766 quam
997 1683 1031 1746 in
1052 1683 1163 1748 codice
1184 1692 1296 1748 nostro
1317 1685 1452 1748 nomine

302 1791 457 1876 decorato
479 1789 656 1871 posuimus,
682 1788 778 1851 matri
801 1788 1060 1852 subveniendum
1084 1807 1154 1852 esse
1177 1787 1453 1864 existimavimus,

302 1895 514 1977 respicientes
529 1893 572 1960 ad
588 1901 741 1956 naturam
760 1900 793 1956 et
815 1892 1023 1975 puerperium
1047 1901 1081 1956 et
1102 1891 1282 1974 periculum
1299 1901 1332 1956 et
1350 1912 1452 1976 saepe

303 2008 443 2064 mortem
460 2019 504 2062 ex
519 1996 582 2061 hoc
602 2017 679 2078 casu
703 1997 863 2061 matribus
881 1996 1018 2060 illatam.
1056 1996 1197 2078 ideoque
1217 1996 1356 2078 impium
1378 2016 1452 2060 esse

302 2104 501 2168 credidimus
526 2122 639 2166 casum
668 2100 838 2166 fortuitum
869 2102 902 2164 in
933 2102 1002 2166 eius
1032 2101 1164 2164 admitti
1194 2101 1450 2166 detrimentum:

302 2207 432 2272 sienim
449 2207 590 2288 ingenua
605 2213 656 2269 ter
670 2204 722 2267 vel
741 2204 894 2268 libertina
911 2213 1029 2288 quater
1042 2225 1108 2268 non
1128 2204 1266 2287 peperit,
1284 2204 1451 2270 immerito

302 2310 558 2376 defraudabatur
576 2309 782 2374 successione
801 2331 935 2376 suorum
956 2309 1152 2374 liberorum:
1175 2308 1255 2392 quid
1271 2307 1359 2371 enim
1374 2329 1451 2392 pec-

302 2416 398 2492 cavit,
424 2415 451 2478 si
478 2433 544 2478 non
570 2412 688 2495 plures,
714 2412 773 2477 sed
799 2433 923 2495 paucos
949 2409 1134 2496 pepererit?
1162 2422 1196 2476 et
1222 2412 1374 2475 dedimus
1400 2413 1451 2476 ius

301 2519 488 2602 legitimum
507 2517 642 2600 plenum
666 2517 824 2580 matribus
847 2519 916 2582 sive
937 2518 1086 2602 ingenuis
1107 2516 1175 2580 sive
1195 2515 1367 2592 libertinis,
1389 2518 1451 2581 etsi

303 2642 368 2686 non
392 2632 442 2685 ter
464 2621 584 2683 enixae
607 2619 727 2684 fuerint
748 2620 801 2683 vel
823 2630 948 2703 quater,
963 2622 1022 2685 sed
1045 2641 1120 2684 eum
1142 2627 1273 2684 tantum
1294 2618 1346 2683 vel
1365 2639 1450 2696 earn,

303 2727 361 2807 qui
381 2745 506 2807 quaeve
529 2731 635 2787 morte
657 2725 829 2806 intercepti
852 2733 937 2802 sunt,
952 2735 989 2790 ut
1012 2733 1046 2788 et
1068 2725 1113 2788 sic
1132 2731 1290 2788 vocentur
1313 2724 1346 2786 in
1368 2723 1451 2786 libe-

272 2837 414 2892 brorum
444 2847 577 2892 suorum
608 2825 792 2908 legitimam
825 2829 1076 2893 successionem.
1136 2825 1204 2891 Sed
1241 2845 1316 2890 cum
1351 2835 1451 2891 antea

302 2932 554 2996 constitutiones
587 2931 657 2994 iura
694 2929 844 3012 legitima
877 2940 1119 3014 perscrutantes
1154 2931 1275 3012 partim
1310 2939 1451 2994 matrem

301 3035 515 3110 adiuvabant,
545 3035 666 3117 partim
697 3055 771 3098 eam
801 3036 1062 3118 praegravabant
1092 3044 1126 3099 et
1153 3055 1218 3097 non
1249 3034 1281 3096 in
1309 3033 1451 3098 solidum

302 3159 376 3204 eam
398 3140 571 3216 vocabant,
595 3139 652 3202 sed
678 3138 711 3200 in
735 3138 934 3222 quibusdam
956 3139 1087 3202 casibus
1112 3127 1244 3202 tertiam
1267 3147 1397 3220 partem
1420 3137 1451 3201 ei

300 3401 418 3456 entitled
436 3419 468 3457 as
481 3419 583 3473 parens
596 3401 786 3460 manumissor
797 3418 829 3458 or
841 3419 874 3458 as
889 3401 1029 3458 bonorum
1044 3418 1193 3472 possessor
1205 3419 1269 3457 curn
1282 3417 1322 3468 re,
1333 3399 1452 3473 Ulpian,

299 3502 357 3556 reg.
373 3485 416 3541 26.
427 3486 452 3541 8.

336 3570 398 3625 The
410 3569 552 3640 following
568 3569 692 3641 changes
705 3587 777 3628 were
793 3568 920 3626 maalein
935 3570 984 3626 the
1000 3569 1134 3624 mothers
1153 3567 1243 3638 rights
1259 3567 1288 3622 in
1302 3569 1350 3624 the
1366 3567 1451 3624 inter·

299 3652 424 3708 mediate
436 3652 536 3723 period
544 3653 640 3707 before
649 3652 812 3724 Justinian’s
826 3669 889 3708 own
899 3653 1060 3706 settlement
1072 3651 1105 3706 of
1114 3652 1163 3706 the
1175 3653 1237 3707 law.
1263 3650 1452 3708 Constantine

299 3735 421 3792 enacted
440 3737 501 3792 that
521 3753 540 3790 a
558 3736 670 3791 mother
689 3735 756 3792 with
775 3735 818 3790 ius
837 3735 990 3790 liberorum
1008 3735 1111 3790 should
1129 3744 1179 3790 not
1199 3735 1266 3804 only
1284 3733 1380 3789 divide
1402 3735 1452 3790 the

300 3817 463 3874 succession
475 3818 542 3872 with
557 3818 606 3873 the
618 3836 698 3874 soror
713 3817 926 3890 consanguinea
941 3819 974 3872 of
982 3819 1031 3874 the
1044 3817 1193 3888 deceased,
1206 3819 1257 3874 but
1274 3817 1376 3874 should
1389 3818 1451 3872 also

299 3903 360 3956 lose
373 3919 390 3956 a
402 3901 478 3956 third
496 3902 528 3956 of
537 3901 558 3956 it
577 3901 607 3956 in
622 3902 721 3957 favour
735 3903 768 3958 of
776 3901 820 3956 bis
839 3919 871 3956 or
889 3901 941 3956 her
955 3902 1069 3973 agnatio
1085 3903 1167 3958 uncle
1181 3899 1318 3972 (patruus)
1332 3900 1390 3956 and
1405 3899 1451 3956 his

300 3983 375 4040 issue
388 3994 417 4040 to
430 3985 479 4040 the
491 3985 598 4040 second
611 3985 722 4054 degree,
735 3984 915 4056 irrespective
928 3985 961 4039 of
969 3985 1070 4056 capitis
1083 3985 1247 4040 deminutio.
1286 3985 1333 4040 He
1343 3983 1451 4040 further

300 4068 449 4124 conferred
462 4084 499 4122 on
511 4069 637 4124 mothers
650 4067 766 4124 without
783 4069 832 4124 the
851 4068 894 4124 ius
906 4068 1059 4125 liberorum
1071 4085 1089 4124 a
1101 4067 1176 4140 right
1194 4068 1227 4123 of
1240 4065 1403 4123 succession
1420 4075 1451 4122 to

300 4169 318 4208 a
336 4151 411 4206 third
424 4145 457 4206 of
465 4169 483 4206 a
495 4150 636 4208 deceased
654 4150 752 4206 child's
771 4161 912 4224 property,
925 4153 974 4207 the
992 4151 1104 4208 residue
1117 4151 1204 4222 going
1222 4160 1252 4206 to
1270 4151 1320 4206 the
1337 4159 1452 4206 nearest

300 4245 403 4306 agnate
422 4253 455 4290 or
472 4244 610 4306 agnates;
634 4233 691 4290 this
709 4233 785 4292 third
803 4253 860 4292 was
879 4235 1003 4292 doubted
1021 4236 1060 4305 by
1075 4234 1256 4292 Theodosius
1273 4233 1333 4290 and
1347 4233 1451 4290 Valen-

299 4319 398 4390 tinian,
414 4321 476 4376 who
495 4321 556 4376 also
573 4337 645 4390 gave
664 4336 682 4376 a
700 4319 776 4375 third
794 4329 824 4375 to
843 4321 891 4375 the
910 4319 1074 4376 deceased’s
1093 4317 1293 4390 emancipated
1311 4317 1452 4388 brothers,
1509 4361 1514 4372 .
1628 4323 1629 4330 ’

300 4404 394 4460 whom
406 4403 566 4474 previously
578 4404 627 4460 the
639 4403 751 4458 mother
763 4403 821 4460 had
833 4403 991 4474 altogether
1002 4401 1148 4458 excluded.

338 4484 369 4559 §f
383 4489 413 4558 4,
426 4491 454 4543 5.
472 4485 614 4558 Justinian
633 4485 782 4546 abolished
794 4487 843 4546 the
861 4485 906 4546 ius
923 4486 1083 4559 liberorum,
1096 4486 1182 4560 along
1194 4483 1261 4541 with
1279 4483 1328 4542 the
1346 4481 1452 4538 deduc-
