3286 5144
287 413 360 502 '346
499 425 574 482 INS
577 426 647 481 TIT
650 424 704 481 UT
704 423 851 482 IONUM
868 423 988 480 LIBRI
1006 421 1242 496 QUATTUOR.
1329 422 1448 491 [crunt.

296 586 381 650 inter
400 608 514 652 omnes
537 595 675 672 nepotes
697 598 731 655 et
754 597 869 673 neptes
892 596 925 653 et
947 586 1030 652 alias
1053 584 1208 671 deinceps
1227 603 1394 670 personas,
1410 595 1449 652 ut

296 699 435 774 utraque
457 694 632 776 progenies
659 693 773 758 matris
796 713 876 756 suae
898 691 951 756 vel
973 691 1085 775 patris,
1107 691 1201 755 aviae
1222 690 1275 753 vel
1297 691 1351 754 avi
1372 710 1449 774 por-

295 794 421 859 tionem
444 797 514 860 sine
536 795 604 860 ulla
626 797 853 861 deminutione
875 804 1126 879 consequantur,
1142 803 1189 870 ut,
1211 794 1238 858 si
1260 793 1345 858 sorte
1363 814 1449 857 unus

295 897 348 961 vel
363 899 430 961 duo
446 919 490 962 ex
506 919 572 962 una
587 909 689 981 parte,
706 921 750 963 ex
770 898 875 964 altera
890 909 958 964 tres
977 906 1035 963 aut
1050 906 1206 980 quattuor
1221 905 1347 972 extent,
1364 917 1449 960 unus

297 1009 354 1064 aut
375 1002 441 1065 duo
465 1003 646 1080 dimidiam,
661 1003 757 1068 alteri
779 1012 846 1069 tres
867 1011 927 1068 aut
950 1012 1108 1085 quattuor
1121 1001 1259 1074 alteram
1274 1001 1450 1065 dimidiam

297 1101 489 1168 hereditatis
509 1105 663 1172 habeant.

852 1251 896 1316 ΙΙ.

461 1427 511 1479 on
534 1428 720 1480 uumrrun
743 1427 1006 1480 noownronuu
1031 1427 1287 1480 succussrowu.

345 1575 381 1644 Si
406 1599 503 1644 nemo
529 1599 607 1642 suus
637 1577 733 1643 heres
756 1575 809 1642 vel
840 1598 962 1656 eorum,
985 1598 1068 1661 quos
1094 1577 1182 1644 inter
1206 1599 1284 1643 suos
1309 1576 1450 1643 heredes

300 1692 432 1766 praetor
445 1681 498 1746 vel
521 1681 772 1746 constitutiones
787 1690 917 1760 vocant,
932 1690 1029 1746 extat
1052 1691 1086 1746 et
1108 1683 1349 1746 successionem
1368 1703 1450 1764 quo-

301 1806 368 1867 quo
392 1785 492 1849 modo
516 1784 755 1869 amplectatur:
787 1793 866 1848 tunc
892 1804 936 1846 ex
963 1782 1037 1867 lege
1060 1785 1236 1850 duodecim
1262 1785 1450 1850 tabularum

273 1889 343 1952 lad
373 1890 555 1971 adgnatum
588 1879 778 1971 proriimum
807 1885 973 1950 hereditas
1004 1888 1155 1970 pertinet.
1218 1887 1304 1954 Sunt
1338 1897 1450 1952 autem

301 1990 446 2073 adgnati,
464 2001 500 2054 ut
516 1991 623 2074 primo
645 2011 778 2074 quoque
799 1990 881 2054 libro
904 1991 1109 2066 tradidimus,
1126 1992 1259 2075 cognati
1277 2012 1336 2074 per
1349 1991 1452 2055 virilis

301 2116 402 2160 sexus
438 2115 595 2178 personas
632 2096 829 2177 cognatione
859 2094 969 2175 iuncti,
1000 2083 1095 2178 quasi
1128 2117 1148 2160 a
1185 2107 1280 2180 patre
1309 2097 1451 2178 cognati.

301 2200 413 2282 itaque
429 2201 546 2264 eodem
569 2207 664 2282 patre
686 2201 755 2263 nati
775 2197 892 2263 fratres
910 2200 1046 2282 adgnati
1065 2199 1126 2264 sibi
1150 2211 1238 2277 sunt,
1254 2199 1310 2282 qui
1327 2209 1361 2264 et
1376 2219 1452 2264 con·

302 2302 472 2386 sanguinei
494 2311 661 2380 vocantur,
678 2323 738 2367 nec
762 2302 943 2386 requiritur,
959 2324 1002 2367 an
1022 2303 1123 2368 etiam
1147 2305 1288 2368 eandem
1311 2313 1452 2367 matrem

301 2406 487 2470 habuerint.
521 2408 600 2472 item
617 2415 755 2490 patruus
770 2407 878 2471 fratris
894 2406 962 2472 filio
978 2417 1011 2473 et
1026 2407 1166 2472 invicem
1182 2409 1210 2472 is
1226 2407 1272 2472 illi
1287 2409 1453 2490 adgnatus

301 2520 361 2577 est.
415 2510 533 2575 eodem
564 2532 701 2576 numero
728 2521 804 2576 sunt
830 2511 945 2577 iratres
974 2511 1150 2596 patrueles,
1175 2513 1209 2577 id
1241 2521 1292 2578 est
1321 2511 1378 2595 qui
1408 2532 1452 2574 ex

301 2613 431 2678 duobus
460 2615 615 2678 fratribus
650 2616 813 2699 procreati
847 2624 933 2693 sunt,
964 2617 1020 2698 qui
1052 2617 1154 2680 etiam
1184 2616 1370 2681 consobrini
1395 2637 1453 2680 vo·

303 2728 427 2782 cantur.
480 2739 546 2801 qua
577 2719 704 2783 ratione
734 2719 834 2784 etiam
867 2722 911 2785 ad
945 2720 1053 2803 plures
1088 2722 1211 2804 gradus
1243 2719 1454 2804 adgnationis

303 2822 473 2906 pervenire
502 2824 693 2904 poterimus.
748 2823 782 2887 hi
813 2844 954 2907 quoque,
985 2825 1040 2909 qui
1071 2835 1148 2908 post
1179 2833 1321 2890 mortem
1351 2825 1454 2908 patris

303 2937 490 3001 nascuntur,
522 2927 752 2992 nanciscuntur
781 2929 1077 3012 consanguinitatis
1107 2929 1187 2994 iura.
1244 2950 1310 2994 non
1341 2939 1454 2994 tamen

303 3030 457 3094 omnibus
481 3029 579 3094 simul
608 3031 763 3113 adgnatis
793 3031 852 3096 dat
878 3033 935 3097 lex
964 3033 1194 3110 hereditatem,
1219 3033 1279 3098 sed
1311 3031 1372 3110 his,
1398 3031 1455 3115 qui

303 3141 382 3198 tunc
404 3133 559 3216 proximo
581 3135 685 3216 gradu
704 3143 789 3215 sunt,
805 3155 881 3200 cum
904 3146 1030 3202 certum
1049 3157 1122 3202 esse
1144 3137 1290 3220 coeperit
1309 3135 1454 3219 aliquem

339 3393 399 3447 ult.
412 3395 456 3448 11.
471 3391 484 3464 ξ
499 3396 524 3447 1.
549 3394 606 3448 For
624 3393 672 3450 the
687 3393 797 3465 precise
813 3393 948 3465 meaning
965 3395 998 3449 of
1007 3393 1141 3466 ‘agnate’
1157 3411 1205 3450 see
1224 3409 1261 3449 on
1274 3392 1331 3448 Tit.
1347 3407 1370 3447 1.
1386 3401 1424 3462 ις.
1443 3405 1453 3446 r

304 3493 379 3546 supr.
416 3477 479 3532 The
493 3477 553 3532 rule
569 3478 602 3532 oi
614 3479 663 3534 the
676 3479 789 3534 Twelve
802 3478 916 3549 Tables,
930 3478 1030 3548 which,
1044 3478 1072 3533 in
1088 3477 1194 3534 deiault
1212 3478 1245 3532 os
1253 3476 1305 3544 sui,
1318 3491 1390 3546 gave
1407 3475 1456 3530 the

304 3559 467 3615 succession
480 3570 510 3615 to
523 3561 572 3616 the
584 3572 697 3618 nearest
717 3571 821 3632 agnate
838 3579 870 3617 or
887 3572 1005 3634 agnates
1019 3561 1047 3617 in
1066 3563 1115 3618 the
1132 3579 1211 3617 same
1228 3561 1341 3631 degree,
1353 3575 1411 3614 was
1424 3574 1457 3613 so

305 3644 413 3714 strictly
426 3645 587 3713 construed,
600 3646 661 3700 that
680 3645 704 3700 is
712 3647 749 3701 he
768 3663 800 3700 or
817 3645 885 3716 they
897 3663 970 3702 were
983 3646 1087 3702 unable
1100 3663 1133 3700 or
1150 3645 1264 3702 refused
1280 3654 1310 3700 to
1325 3643 1391 3699 take
1408 3643 1458 3697 the

304 3727 489 3796 inheritance‚
503 3745 581 3783 more
594 3738 702 3785 remote
715 3739 834 3800 agnatos
847 3746 920 3784 were
939 3740 990 3785 not
1003 3728 1143 3786 admitted
1161 3747 1193 3785 as
1211 3729 1289 3798 such,
1301 3728 1352 3783 but
1366 3726 1386 3782 it
1400 3742 1458 3780 was

305 3809 400 3866 delata
418 3820 447 3865 to
461 3811 509 3865 the
522 3809 598 3865 third
617 3812 699 3881 class,
717 3829 765 3868 see
779 3810 810 3883 §§
828 3825 841 3882 5
855 3812 913 3868 and
927 3825 942 3881 7
957 3813 1029 3882 infr,
1042 3813 1077 3868 ci
1092 3813 1181 3869 Gaius
1194 3812 1232 3868 iii.
1249 3827 1280 3866 12
1300 3809 1410 3866 ‘necin
1423 3825 1459 3865 eo

305 3893 364 3950 iure
384 3892 527 3949 successio
544 3903 606 3950 est:
626 3894 747 3966 ideoque
760 3895 783 3950 si
797 3895 938 3965 adgnatus
955 3897 1098 3967 proximus
1117 3896 1305 3952 hereditatem
1323 3892 1459 3962 omiserit,

305 3979 350 4034 vel
363 3987 516 4048 antequam
529 3976 630 4033 adierit
647 3977 810 4048 decesserit,
823 3979 1008 4050 sequentibus
1021 3979 1091 4034 nihil
1104 3979 1171 4035 iuris
1184 3996 1219 4034 ex
1231 3981 1294 4050 lege
1306 3975 1460 4047 competit!

306 4061 433 4131 Perhaps
458 4061 507 4116 the
530 4060 667 4132 hardship
689 4062 722 4116 os
742 4061 799 4117 this
821 4079 879 4118 was
900 4073 930 4118 to
955 4080 1035 4119 some
1059 4073 1155 4119 extent
1179 4061 1328 4132 mitigated
1351 4060 1391 4130 by
1410 4058 1459 4115 the

306 4146 472 4201 anomalous
491 4144 566 4214 right
585 4144 676 4200 which
694 4145 744 4201 the
763 4155 876 4202 nearest
898 4157 1001 4217 agnate
1021 4146 1143 4217 enjoyed
1163 4147 1197 4201 oi
1210 4143 1394 4212 transferring
1414 4141 1459 4197 his

305 4227 381 4297 right
400 4227 433 4282 of
447 4226 536 4282 aditio
553 4227 593 4297 by
611 4225 639 4282 in
656 4227 716 4284 iure
733 4228 833 4298 cessio,
848 4228 937 4285 Gaius
950 4229 976 4284 ii.
992 4241 1034 4298 35,
1047 4247 1075 4299 p.
1089 4229 1142 4298 256
1160 4245 1236 4298 supr.
1273 4228 1336 4282 The
1354 4225 1459 4295 gradus

307 4310 488 4381 adgnationis
501 4329 573 4366 were
591 4311 748 4366 calculated
761 4311 790 4366 in
803 4314 851 4368 the
865 4329 944 4368 same
957 4329 1018 4382 way
1031 4329 1063 4367 as
1076 4313 1158 4367 those
1173 4312 1205 4366 os
1214 4309 1375 4379 cognatiora,
1388 4307 1460 4362 each

307 4393 471 4463 generation
485 4411 517 4448 as
530 4411 584 4449 one
601 4395 704 4465 degree
717 4395 750 4450 oi
762 4397 896 4466 removal,
910 4395 966 4451 Tit.
979 4396 1004 4450 6.
1019 4397 1035 4450 8
1049 4395 1097 4451 ins.
1136 4397 1194 4450 For
1209 4395 1258 4450 the
1275 4391 1460 4462 significante

308 4475 341 4529 oi
349 4475 397 4530 the
416 4476 579 4545 expression
593 4477 673 4532 ‘curn
686 4488 794 4534 certum
812 4495 876 4535 esse
893 4478 1018 4549 coeperit
1035 4478 1159 4549 aliquem
1177 4477 1343 4532 intestatum
1362 4475 1460 4532 deces-

309 4557 395 4614 sisse’
408 4574 456 4614 see
468 4575 506 4615 on
520 4559 574 4618 Tit.
592 4573 614 4616 r.
627 4573 643 4632 7
656 4579 730 4634 supr.
745 4562 803 4620 and
816 4565 872 4620 Mt.
886 4563 993 4620 Poste's
1006 4570 1073 4620 note
1086 4577 1123 4616 on
1137 4559 1226 4618 Gaius
1239 4558 1277 4615 iii.
1294 4571 1334 4630 13.
1407 4604 1412 4612 .
