3266 5188
309 377 375 446 514
513 374 615 430 INST
614 375 661 429 IT
664 375 719 431 UT
719 374 863 432 IONUM
882 373 1000 429 LIBRI
1019 374 1254 446 QUATTUOR.
1341 376 1406 442 [Lis.
1419 383 1468 431 IV·

311 541 423 622 possit,
447 541 564 623 culpae
590 561 664 604 reus
694 549 760 604 est:
793 540 820 604 si
850 539 1084 622 praeclamavit
1109 559 1216 622 neque
1246 538 1301 602 ille
1331 538 1462 603 curavit

310 664 434 720 cavere,
452 655 549 710 extra
570 645 702 726 culpam
725 655 775 709 est
798 652 942 726 putator.
987 663 1092 726 aeque
1115 653 1210 707 extra
1232 643 1364 725 culpam
1385 663 1461 706 esse

309 747 518 830 intellegitur,
533 749 560 812 si
575 769 722 812 seorsum
734 749 819 812 avia
833 747 917 812 sorte
932 747 984 810 vel
1000 747 1033 810 in
1049 747 1159 810 medio
1174 745 1276 810 fundo
1289 746 1460 822 caedebat,

308 849 385 914 licet
406 873 472 914 non
490 850 732 934 praeclamavit,
751 850 829 932 quia
847 871 887 914 eo
908 849 981 914 loco
1001 849 1082 912 nulli
1101 859 1261 912 extraneo
1280 849 1330 912 ius
1350 847 1459 911 luerat

278 957 469 1022 6versandi.
530 957 702 1020 Praeterea
732 955 759 1017 si
790 954 945 1032 medicus,
975 955 1031 1036 qui
1061 973 1190 1016 servum
1219 961 1315 1016 tuum
1344 953 1458 1030 secuit,

265 1100 269 1108 -
308 1059 517 1143 dereliquerit
547 1060 749 1124 curationem
777 1067 878 1140 atque
904 1057 948 1120 ob
975 1057 1008 1120 id
1036 1065 1184 1120 mortuus
1213 1057 1309 1121 suerit
1335 1077 1457 1134 servus,

278 1163 425 1244 tculpae
441 1185 516 1227 reus
531 1173 589 1228 est.
635 1162 805 1244 Imperitia
821 1181 952 1244 quoque
967 1161 1084 1242 culpae
1099 1162 1343 1238 adnumeratur,
1354 1161 1456 1224 veluti

308 1267 335 1329 si
348 1268 496 1330 medicus
508 1268 583 1331 ideo
595 1286 726 1330 servum
740 1276 833 1330 tuum
846 1265 1010 1340 occiderit,
1024 1265 1112 1346 quod
1123 1285 1199 1328 eum
1215 1263 1301 1328 male
1317 1264 1456 1328 secuerit

278 1386 295 1440 8
308 1379 366 1434 aut
381 1390 554 1453 perperam
570 1372 599 1436 ei
618 1370 896 1435 medicamentum
911 1369 1048 1433 dederit.
1087 1369 1220 1449 impetu
1235 1388 1368 1450 quoque
1384 1388 1456 1431 mu·

306 1473 421 1550 larum,
445 1495 528 1556 quas
546 1474 648 1539 mulio
670 1483 804 1558 propter
824 1473 1023 1554 imperitiam
1047 1472 1188 1535 retinere
1211 1490 1277 1534 non
1299 1472 1454 1553 potuerit,

306 1579 333 1642 si
349 1599 460 1642 servus
475 1589 552 1643 tuus
572 1597 748 1660 oppressus
769 1576 875 1649 fuerit,
893 1574 1010 1657 culpae
1025 1595 1099 1638 reus
1120 1584 1170 1639 est
1191 1575 1301 1640 mulio.
1346 1577 1404 1639 sed
1419 1585 1456 1639 et

307 1683 333 1746 si
357 1692 492 1765 propter
513 1681 737 1746 infirmitatem
763 1679 902 1744 retinere
925 1699 981 1742 eas
1006 1677 1073 1742 noh
1097 1680 1250 1760 potuerit,
1272 1699 1347 1742 cum
1370 1679 1456 1744 alius

305 1787 429 1851 firmior
450 1788 590 1850 retinere
608 1785 777 1868 potuisset,
798 1804 904 1866 aeque
925 1782 1041 1864 culpae
1060 1792 1199 1848 tenetur.
1245 1785 1363 1848 eadem
1382 1783 1456 1865 pla·

306 1900 443 1956 cuerunt
457 1891 500 1953 de
521 1910 560 1952 eo
575 1909 715 1972 quoque,
730 1888 798 1971 qui,
814 1907 888 1950 cum
910 1907 994 1970 equo
1009 1887 1191 1966 veheretur,
1206 1888 1367 1970 impetum
1383 1888 1455 1950 eius

305 2002 363 2056 aut
378 2003 512 2076 propter
527 1992 752 2056 infirmitatem
768 1998 825 2054 aut
841 1998 975 2072 propter
990 1991 1189 2073 imperitiam
1205 2011 1299 2056 suam
1316 1991 1456 2056 retinere

275 2113 371 2167 9non
393 2096 546 2178 potuerit.
593 2095 658 2158 His
680 2103 792 2157 autem
810 2093 919 2156 verbis
939 2091 1021 2175 legis
1037 2094 1169 2175 ‘quanti
1190 2095 1224 2156 id
1248 2096 1281 2157 in
1304 2116 1344 2159 eo
1366 2115 1456 2159 anno

305 2198 436 2282 plurimi
459 2195 570 2263 fuerit'
590 2198 645 2262 illa
666 2196 829 2262 sententia
851 2196 1056 2277 exprimitur,
1079 2207 1117 2262 ut
1139 2197 1167 2260 si
1190 2197 1263 2278 quis
1282 2198 1455 2264 hominem

304 2312 409 2378 tuum,
426 2303 482 2386 qui
497 2303 596 2368 hodie
611 2301 747 2366 claudus
762 2309 819 2364 aut
838 2299 947 2363 luscus
967 2308 1026 2363 aut
1046 2319 1182 2364 mancus
1203 2301 1272 2379 erit,
1288 2302 1454 2382 occiderit,

305 2409 360 2490 qui
379 2409 413 2472 in
429 2429 469 2472 eo
484 2427 570 2472 anno
586 2410 714 2490 integer
728 2414 786 2470 aut
806 2405 970 2486 pretiosus
985 2403 1094 2480 fuerit,
1110 2424 1176 2468 non
1192 2406 1276 2468 tanti
1292 2415 1453 2479 teneatur,

302 2512 417 2593 quanti
433 2511 460 2574 is
475 2510 574 2575 hodie
590 2511 660 2585 erit,
676 2510 734 2574 sed
757 2509 871 2592 quanti
888 2510 921 2573 in
937 2529 976 2571 eo
991 2528 1079 2571 anno
1100 2507 1232 2590 plurimi
1247 2510 1354 2574 suerit.
1385 2533 1454 2594 qua

239 2629 245 2640 ·
303 2617 430 2678 ratione
445 2616 605 2678 creditum
621 2622 672 2676 est
686 2612 861 2695 poenalem
878 2631 950 2676 esse
969 2611 1065 2674 huius
1085 2611 1168 2694 legis
1184 2613 1357 2688 actionem,
1373 2615 1454 2696 quia

304 2737 369 2779 non
393 2717 501 2780 solum
524 2717 608 2780 tanti
634 2717 774 2798 quisque
799 2716 972 2798 obligatur,
996 2723 1158 2798 quantum
1181 2716 1292 2780 damni
1315 2719 1453 2798 dederit,

303 2821 361 2882 sed
378 2817 555 2901 aliquando
576 2818 675 2900 longe
693 2819 813 2900 pluris:
836 2819 977 2901 ideoque
995 2828 1125 2884 constat
1146 2821 1179 2882 in
1201 2819 1358 2886 heredem
1376 2844 1452 2887 eam

302 2922 466 2984 actionem
483 2942 549 2986 non
560 2921 707 2996 transire,
720 2942 806 3004 quae
821 2923 997 2986 transitura
1012 2923 1135 2998 luisset,
1148 2924 1176 2986 si
1192 2923 1277 2988 ultra
1292 2927 1452 2991 damnum

339 3153 352 3218 ᾗ
367 3153 396 3205 θ.
415 3152 455 3204 As
468 3169 487 3206 a
498 3152 612 3221 general
625 3151 684 3206 rule
697 3151 745 3206 the
758 3153 873 3221 penalty
885 3152 918 3206 oi
927 3153 975 3208 the
988 3154 1032 3208 lex
1045 3152 1159 3224 Aquilia
1171 3171 1228 3209 was
1242 3153 1372 3212 incurred
1384 3160 1452 3229 only

301 3233 339 3302 by
360 3232 480 3304 positive
505 3245 566 3289 acts
587 3235 620 3289 of
638 3234 838 3289 commission:
859 3235 940 3291 ‘sunt
960 3255 1051 3307 casus,
1074 3237 1176 3308 quibus
1202 3249 1295 3294 cessat
1319 3241 1452 3312 Aquiliae

302 3317 377 3372 actio
390 3359 396 3373 .
410 3359 416 3372 .
431 3358 437 3374 .
452 3335 539 3373 .nam
557 3318 604 3388 qui
622 3335 721 3388 agrum
734 3335 797 3377 non
815 3319 979 3390 proscindit,
999 3321 1046 3391 qui
1065 3322 1137 3378 vites
1155 3338 1213 3376 non
1233 3323 1361 3394 subserit,
1381 3325 1450 3381 item

301 3417 438 3472 aquarum
451 3401 552 3456 ductus
565 3401 705 3473 corrumpi
718 3402 831 3472 patitur,
844 3403 906 3473 lege
918 3403 1032 3475 Aquilia
1044 3422 1101 3460 non
1114 3408 1240 3460 tenetur’
1253 3406 1320 3476 Dig.
1334 3421 1357 3474 7.
1373 3425 1394 3464 1.
1410 3424 1451 3478 ¹³·

301 3499 325 3540 2.
364 3486 419 3540 But
438 3487 530 3544 where
549 3502 566 3540 a
584 3502 687 3554 person
705 3486 764 3540 had
782 3503 853 3541 once
872 3489 1057 3543 commenced
1073 3505 1091 3542 a
1107 3505 1206 3544 course
1226 3489 1259 3544 oi
1272 3490 1375 3560 action,
1389 3510 1451 3548 ces-

301 3566 393 3622 sation
403 3569 436 3622 oi
441 3568 532 3623 which
543 3569 635 3622 would
649 3569 685 3626 be
695 3569 850 3624 disastrous
860 3569 895 3636 (e.
900 3588 927 3640 g.
938 3572 986 3626 the
999 3588 1065 3628 case
1078 3572 1106 3626 in
1118 3572 1166 3626 the
1176 3571 1256 3642 text),
1265 3589 1301 3630 an
1312 3575 1449 3634 omission

300 3651 424 3706 entailed
437 3651 563 3722 liability,
578 3651 643 3722 Dig.
657 3667 683 3721 9.
698 3669 722 3706 2.
736 3655 759 3708 8.
774 3670 816 3723 pr.
829 3673 835 3720 ;
855 3653 893 3708 ib.
908 3667 948 3720 27·
963 3669 980 3723 9
993 3674 1000 3720 ;
1019 3654 1056 3710 ib.
1070 3671 1111 3723 31.

336 3737 350 3801 §
365 3739 391 3790 ⁷.
413 3734 559 3804 Imperitia
571 3734 599 3788 in
613 3753 749 3805 surgeons
763 3735 786 3790 is
799 3737 909 3790 treated
921 3754 953 3791 as
966 3738 1050 3807 culpa
1062 3739 1123 3792 also
1136 3738 1164 3792 in
1179 3739 1245 3808 Dig.
1256 3755 1280 3809 9.
1293 3755 1317 3795 2.
1330 3753 1353 3808 7.
1366 3743 1382 3797 8
1395 3762 1402 3808 ;
1420 3741 1450 3798 in

300 3817 443 3887 artificers,
457 3819 495 3873 ib.
508 3832 549 3886 27.
564 3834 617 3889 293
638 3819 694 3874 and
708 3836 858 3889 assessors,
873 3819 940 3890 Dig.
953 3836 977 3875 2.
991 3837 1016 3876 2.
1030 3837 1065 3876 2:
1087 3823 1122 3876 cs.
1135 3823 1184 3878 the
1197 3833 1262 3879 next
1276 3825 1396 3881 section.

335 3902 394 3968 §8.
414 3901 493 3957 ‘Nec
514 3903 626 3958 videtur
647 3902 782 3974 iniquum,
805 3903 828 3958 si
854 3903 1002 3958 infirmitas
1024 3906 1124 3975 culpae
1149 3907 1357 3978 adnumeretur,
1382 3927 1448 3966 cum

299 3983 432 4040 affectare
453 3985 516 4055 quis
537 4003 594 4041 non
614 3986 726 4054 debeat,
747 3985 776 4040 in
799 4003 856 4058 quo
877 3988 922 4043 vel
944 3987 1079 4044 intellexit
1098 3989 1143 4044 vel
1165 3989 1329 4062 intellegere
1354 3993 1447 4063 debet,

299 4065 492 4122 infirmitatem
504 4086 585 4123 suarn
598 4067 645 4123 alii
658 4067 845 4140 periculosam
857 4071 996 4126 suturam'
1010 4070 1074 4141 Dig.
1089 4087 1115 4141 9.
1129 4088 1154 4127 2.
1167 4073 1193 4129 8.
1209 4089 1230 4129 1.

298 4183 302 4192 ·
335 4152 350 4218 t
364 4153 391 4206 9.
410 4151 474 4207 The
486 4152 561 4208 actio
574 4151 644 4223 legis
657 4152 787 4224 Aquiliae
800 4171 856 4208 was
870 4156 954 4224 penal
967 4164 1016 4210 not
1029 4157 1096 4225 only
1106 4155 1149 4210 for
1157 4157 1206 4212 the
1218 4174 1320 4213 reason
1332 4159 1447 4217 noticed

298 4234 375 4302 here,
387 4234 438 4288 but
451 4235 511 4290 also
523 4235 647 4292 because
660 4237 708 4292 the
721 4235 895 4308 delinquent,
909 4239 1004 4293 unless
1017 4239 1066 4295 the
1083 4239 1208 4310 plaintifs
1215 4240 1302 4298 sailed
1318 4253 1347 4298 to
1360 4261 1447 4313 prove

298 4316 343 4371 his
360 4333 435 4383 case,
448 4335 505 4372 was
523 4319 657 4374 assumed
676 4329 705 4375 to
722 4319 759 4374 be
777 4321 958 4376 condemned
976 4321 1048 4376 from
1066 4323 1114 4377 the
1133 4333 1226 4379 outset
1240 4325 1372 4392 (damnas
1384 4337 1447 4382 esto

298 4398 386 4468 dare),
400 4416 432 4454 so
445 4401 505 4456 that
519 4401 544 4455 ii
552 4403 588 4456 he
598 4420 670 4458 were
683 4411 744 4458 cast
757 4401 786 4458 in
797 4403 846 4458 the
858 4403 913 4459 suit
926 4403 998 4459 aiter
1008 4403 1133 4474 denying
1145 4406 1189 4460 his
1202 4406 1329 4477 liability,
1339 4409 1375 4463 he
1388 4425 1446 4468 was

297 4482 477 4541 condemned
490 4483 518 4540 in
532 4485 657 4558 duplum,
671 4485 727 4542 Tit.
740 4485 764 4542 6.
782 4501 820 4557 r9.
835 4501 877 4558 ²³·
891 4488 931 4543 26.
947 4487 1004 4558 ins,
1018 4488 1107 4544 Gaius
1121 4487 1156 4544 iii.
1172 4490 1242 4558 216;
1261 4489 1296 4546 iv.
1309 4506 1334 4562 9.
1352 4504 1407 4559 171.
