3274 5152
217 451 268 502 Tit.
280 446 331 517 19.]
353 444 413 500 DE
423 444 642 500 HEREDUM
651 443 812 516 QUALIT
810 445 838 499 A
844 445 872 499 T
868 446 899 499 E
907 445 965 499 ET
971 446 1219 501 DIFFERENT
1219 448 1275 508 ΙΑ.
1301 458 1363 527 273

211 611 386 678 intestatus
396 619 545 676 mortuus
556 611 608 690 sit,
617 610 723 693 prima
738 619 897 676 causaest
910 611 944 674 in
956 612 1162 677 successione
1177 613 1364 679 liberorum.

211 717 385 783 necessarii
399 737 478 780 vero
496 717 572 780 ideo
593 715 755 793 dicuntur,
774 716 852 798 quia
867 717 1070 794 omnimodo,
1092 717 1161 782 sive
1179 718 1281 782 velint
1296 719 1365 783 sive

211 821 324 899 nolint,
347 831 418 887 tam
445 820 488 884 ab
514 821 673 884 intestato
699 840 800 902 quarn
821 839 866 882 ex
884 827 1085 885 testamento
1107 821 1245 886 heredes
1270 822 1364 885 fiunt.

211 925 270 992 sed
286 925 337 990 his
351 933 483 1009 praetor
497 923 660 1008 permittit
673 923 861 988 volentibus
876 902 1041 988 abstinere
1062 945 1098 988 se
1113 924 1156 988 ab
1170 924 1364 1003 hereditate,

211 1039 249 1094 ut
264 1030 374 1113 potius
389 1028 533 1112 parentis
554 1047 656 1110 quam
677 1027 822 1110 ipsorum
843 1027 931 1091 bona
949 1027 1100 1093 similiter
1113 1049 1134 1092 a
1149 1018 1364 1093 creditoribus

211 1135 452 1216 possideantur.

256 1237 374 1312 Ceteri,
390 1237 447 1319 qui
463 1235 631 1302 testatoris
647 1234 707 1299 iuri
723 1235 861 1300 subiecti
877 1256 942 1300 non
956 1245 1044 1313 sunt,
1061 1237 1211 1302 extranei
1226 1238 1364 1304 heredes
1378 1251 1395 1305 3

211 1339 430 1424 appellantur.
464 1341 576 1422 itaque
587 1338 680 1402 liberi
692 1359 825 1422 quoque
836 1339 947 1417 nostri,
958 1340 1013 1422 qui
1027 1340 1060 1403 in
1072 1349 1240 1422 potestate
1252 1351 1364 1407 nostra

211 1463 277 1523 non
293 1453 378 1522 sunt,
394 1443 535 1508 heredes
554 1464 575 1506 a
596 1443 692 1508 nobis
710 1444 852 1507 instituti
873 1444 1023 1507 extranei
1043 1441 1182 1510 heredes
1201 1446 1363 1510 videntur.

210 1568 277 1629 qua
300 1549 343 1610 de
366 1567 466 1611 causa
496 1555 530 1610 et
559 1547 615 1630 qui
644 1547 783 1612 heredes
808 1567 829 1610 a
855 1556 961 1610 matre
990 1546 1215 1624 instituuntur,
1244 1550 1364 1614 eodem

212 1669 350 1714 numero
376 1659 463 1726 sunt,
489 1651 567 1733 quia
590 1651 734 1714 feminae
757 1651 791 1714 in
812 1659 978 1734 potestate
1000 1650 1121 1716 liberos
1144 1673 1217 1730 non,
1230 1653 1363 1720 habent.

212 1774 324 1820 servus
339 1775 471 1837 quoque
486 1775 506 1818 a
522 1754 659 1818 domino
674 1754 769 1818 heres
789 1754 957 1818 institutus
976 1764 1009 1818 et
1028 1764 1104 1836 post
1124 1765 1363 1820 testamentum

210 1857 335 1922 factum
353 1858 396 1922 ab
418 1879 458 1921 eo
477 1858 698 1922 manumissus
714 1859 832 1921 eodem
856 1878 993 1921 numero
1008 1857 1157 1922 habetur.
1197 1859 1236 1922 In
1252 1870 1394 1926 extra-4

211 1963 281 2028 neis
296 1960 471 2026 heredibus
483 1961 563 2025 illud
575 1961 776 2040 observatur,
785 1970 823 2025 ut
839 1963 882 2026 sit
897 1963 1032 2025 cumeis
1048 1963 1239 2027 testamenti
1252 1963 1361 2041 factio,

211 2066 280 2130 sive
291 2065 353 2149 ipsi
363 2065 500 2129 heredes
510 2066 722 2128 instituantur
731 2066 799 2128 sive
813 2064 847 2127 hi
859 2065 916 2147 qui
928 2066 961 2128 in
971 2075 1139 2149 potestate
1151 2087 1264 2130 eorum
1276 2077 1363 2132 sunt.

211 2177 245 2233 et
261 2169 294 2232 id
310 2168 441 2232 duobus
457 2169 661 2251 temporibus
676 2169 855 2252 inspicitur,
870 2171 1062 2234 testamenti
1077 2170 1212 2252 quidem
1228 2170 1314 2249 lacti,
1326 2181 1364 2235 ut

212 2272 396 2337 constiterit
412 2273 586 2348 institutio,
603 2273 718 2336 mortis
729 2293 806 2336 vero
822 2273 998 2349 testatoris,
1009 2282 1046 2337 ut
1062 2273 1215 2338 effectum
1231 2273 1363 2340 habeat.

211 2376 275 2440 hoc
303 2377 447 2459 amplius
471 2385 505 2442 et
535 2397 611 2440 cum
637 2377 708 2440 adit
733 2375 963 2450 hereditatem,
987 2398 1058 2442 esse
1088 2377 1189 2442 debet
1217 2399 1294 2442 cum
1323 2400 1363 2443 eo

210 2483 402 2546 testamenti
419 2480 527 2559 factio,
538 2481 607 2543 sive
618 2501 700 2564 pure
716 2481 785 2545 sive
800 2481 861 2544 sub
878 2481 1070 2546 condicione
1084 2480 1179 2547 heres
1194 2482 1364 2546 institutus

212 2586 274 2649 sit:
305 2605 382 2648 nam
405 2585 455 2647 ius
479 2583 609 2648 heredis
633 2604 673 2647 eo
700 2583 752 2646 vel
780 2583 926 2646 maxime
948 2593 1099 2667 tempore
1124 2585 1364 2673 inspiciendum

212 2737 339 2793 Trinum.
353 2754 377 2793 2.
392 2754 416 2793 2.
430 2739 475 2805 48,
492 2739 585 2792 where
600 2755 618 2792 a
639 2754 692 2792 son
713 2753 779 2805 says
801 2747 831 2791 to
853 2736 897 2790 his
918 2737 1010 2792 father
1032 2737 1084 2793 ‘de
1094 2755 1177 2793 meo:
1202 2755 1269 2793 nam
1286 2739 1364 2810 quod

211 2824 333 2891 tuum'st,
345 2823 494 2891 meum'st,’
512 2822 547 2876 ci.
561 2821 622 2875 also
640 2822 778 2888 Terence,
793 2821 897 2875 Heaut.
914 2835 936 2874 1.
953 2835 975 2874 1.
989 2833 1033 2890 79,
1047 2820 1105 2876 Cic.
1119 2821 1149 2875 in
1161 2822 1241 2876 Verr.
1252 2837 1276 2876 2.
1294 2838 1315 2876 1.
1329 2837 1365 2889 44

213 2903 395 2976 ‘quibuscum
426 2904 454 2974 (i.
464 2923 488 2960 e.
519 2921 554 2960 ex
583 2903 691 2974 liberis)
719 2903 775 2958 vivi
804 2903 881 2958 bona
907 2903 1061 2974 partimur,'
1091 2904 1181 2974 Pliny,
1200 2921 1301 2975 paneg.
1322 2919 1364 2974 37,

211 2989 363 3059 Ausonius,
382 2989 453 3059 ldyl.
473 3005 497 3058 3.
515 3005 540 3058 3.

247 3073 318 3128 This
332 3073 520 3129 ‘beneficium
533 3072 711 3128 abstinendi'
727 3072 877 3143 exempted
892 3089 911 3127 a
927 3090 994 3128 suus
1012 3074 1093 3129 heres
1110 3073 1183 3128 from
1196 3073 1233 3129 all
1245 3071 1365 3143 liability

211 3157 256 3212 sor
272 3156 317 3211 his
336 3159 439 3228 pater’s
458 3157 551 3225 debts,
565 3157 604 3212 ‘si
624 3174 655 3212 se
674 3156 825 3212 hereditati
844 3173 903 3210 non
928 3155 1132 3224 immiscuerit‚'
1150 3157 1201 3212 i.e.
1221 3157 1246 3211 is
1259 3157 1296 3212 he
1314 3157 1364 3211 did

211 3240 331 3311 nothing
343 3241 415 3295 from
429 3241 520 3295 which
539 3251 712 3310 acceptante
731 3240 764 3294 ol
776 3241 826 3294 the
845 3239 990 3294 hereditas
1007 3240 1091 3295 could
1104 3241 1140 3295 be
1159 3239 1297 3307 inferred3
1315 3240 1363 3295 ‘ut

96 3359 99 3365 -
212 3323 342 3394 quamvis
355 3323 543 3379 creditoribus
556 3321 734 3377 hereditariis
748 3321 808 3376 iure
821 3321 895 3374 civili
908 3332 1065 3392 teneantur,
1078 3322 1217 3377 tamenin
1230 3323 1364 3378 eosactio

211 3423 268 3460 non
282 3407 372 3474 detur,
385 3407 408 3461 si
423 3407 511 3462 velint
528 3404 722 3474 derelinquere
740 3403 943 3458 hereditatem’
957 3403 1021 3474 Dig.
1036 3419 1079 3474 29.
1093 3419 1118 3458 2.
1134 3418 1174 3474 57.
1188 3423 1229 3475 pr.
1244 3425 1251 3471 ;
1275 3405 1332 3462 and
1345 3423 1363 3460 a

211 3507 279 3544 suus
291 3491 374 3544 heres
386 3491 449 3543 who
462 3506 519 3543 was
537 3505 555 3542 a
575 3488 668 3542 minor
679 3503 737 3540 was
756 3495 806 3541 not
824 3486 989 3556 prejudiced
1005 3505 1076 3542 even
1093 3489 1132 3556 by
1146 3489 1216 3542 such
1236 3488 1361 3543 ‘immix-

211 3572 316 3642 tion,¹§
333 3585 346 3641 5
361 3573 418 3641 ini,
433 3572 499 3642 Dig.
513 3587 554 3640 29
570 3587 593 3626 2.
610 3583 651 3640 57.
665 3587 706 3640 pr.
720 3569 777 3624 and
794 3585 816 3624 1.
853 3569 916 3623 The
934 3571 1021 3624 result
1037 3571 1070 3624 of
1082 3570 1139 3625 this
1157 3571 1292 3641 privilege
1305 3589 1362 3626 was

125 3675 132 3689 ·
211 3655 376 3726 practically
391 3666 421 3709 to
438 3655 594 3710 assimilate
612 3653 661 3708 the
680 3670 747 3708 suus
764 3663 792 3708 et
809 3652 986 3708 necessarius
1001 3654 1083 3708 heres
1099 3662 1130 3708 to
1145 3671 1181 3708 an
1194 3663 1362 3722 extraneus;

211 3739 424 3808 consequently,
436 3738 474 3792 he
487 3737 579 3806 could,
589 3735 645 3792 like
657 3737 706 3791 the
718 3737 810 3803 latter,
822 3736 859 3790 be
872 3736 1030 3806 compelled
1042 3737 1081 3806 by
1093 3737 1141 3792 the
1153 3735 1318 3806 magistrate
1331 3747 1361 3791 to

212 3819 312 3876 decide
325 3820 422 3876 within
435 3838 453 3876 a
470 3819 634 3892 prescribed
650 3819 719 3875 time
734 3820 860 3875 whether
875 3819 912 3874 he
929 3829 1025 3874 meant
1040 3829 1070 3875 to
1083 3819 1157 3874 awail
1170 3819 1286 3874 himself
1294 3820 1327 3874 of
1340 3819 1361 3876 it

211 3921 244 3958 or
255 3915 313 3974 not,
329 3903 395 3975 Dig.
411 3905 453 3959 28.
469 3905 493 3959 8.
508 3917 532 3972 7.
546 3921 597 3974 pn,
613 3903 683 3957 Cod.
692 3903 718 3956 6.
729 3917 772 3971 30.
787 3917 827 3972 19.
848 3902 877 3956 11
885 3902 922 3957 he
935 3902 993 3972 did,
1006 3903 1042 3958 he
1055 3919 1112 3958 was
1125 3903 1233 3958 treated
1247 3919 1279 3957 as
1291 3902 1316 3957 is
1324 3902 1361 3959 he

212 4005 269 4042 was
281 3998 331 4043 not
350 3989 436 4058 really
449 3987 512 4042 heir
528 3998 557 4042 at
575 3988 629 4055 all;
648 3988 684 4041 he
701 3985 759 4040 had
776 3986 884 4055 merely
897 3985 1022 4040 ‘nudum
1035 4003 1139 4041 nomen
1152 3985 1280 4041 heredis’
1294 3987 1360 4058 Dig.

212 4071 255 4137 38.
269 4083 309 4136 17.
320 4085 345 4123 2.
354 4071 379 4140 8,
399 4071 492 4125 ‘hune
507 4069 554 4141 qui
570 4068 705 4124 abstinuit
723 4077 837 4139 praetor
850 4085 908 4122 non
924 4069 1010 4124 habet
1024 4069 1135 4124 heredis
1148 4070 1226 4124 loco’
1240 4069 1306 4138 Dig.
1320 4085 1360 4125 11.

214 4167 237 4206 1.
255 4167 293 4205 12.
307 4169 348 4222 pr.
386 4154 605 4224 Consequently,
623 4152 672 4207 the
690 4150 865 4206 inheritance
881 4151 999 4207 became
1018 4151 1121 4222 delata,
1135 4152 1163 4206 in
1181 4153 1229 4207 the
1247 4153 1306 4207 first
1319 4152 1360 4207 in-

212 4245 318 4304 stance,
340 4245 370 4291 to
391 4237 440 4291 the
461 4235 615 4304 substituti,
630 4235 696 4305 Dig.
710 4249 754 4302 42.
771 4249 793 4289 1.
806 4249 850 4302 44,
868 4235 927 4290 and
945 4234 973 4289 in
992 4235 1098 4290 detault
1117 4236 1151 4290 of
1163 4236 1245 4292 these
1263 4245 1293 4290 to
1311 4237 1360 4292 the

211 4317 332 4373 heredes
344 4319 381 4373 ab
395 4318 529 4374 intestato
542 4318 571 4373 in
584 4317 658 4374 their
670 4318 779 4374 several
792 4317 910 4386 degrees
923 4319 955 4372 ol
964 4317 1123 4388 proximity‚
1135 4317 1200 4389 Dig.
1210 4333 1252 4388 ²9·
1264 4333 1286 4372 1.
1297 4333 1323 4387 4.
1334 4333 1359 4388 7,

211 4400 270 4456 and
282 4400 311 4455 in
324 4401 373 4456 the
386 4402 440 4456 last
453 4407 543 4458 resort
556 4411 585 4457 to
598 4401 647 4456 the
661 4401 754 4456 fiscus.
785 4402 848 4456 The
859 4401 1029 4456 beneficium
1041 4400 1203 4456 abstinendi
1216 4401 1320 4472 passed
1329 4411 1360 4458 to

210 4485 259 4540 the
272 4483 348 4539 heirs
360 4485 394 4538 ol
402 4486 450 4540 the
464 4483 611 4540 instituted
624 4501 700 4554 suus,
715 4483 781 4554 Dig.
796 4498 838 4553 ²9·
852 4499 876 4538 2.
890 4497 915 4551 7.
932 4499 954 4552 1,
969 4483 1039 4539 Cod.
1053 4483 1079 4538 6.
1094 4498 1136 4553 30.
1153 4499 1191 4554 19.

249 4565 263 4639 ξ
276 4570 307 4624 4.
327 4569 384 4624 For
396 4567 574 4626 ‘testamenti
590 4567 677 4624 factio
691 4567 819 4640 passiva’
831 4583 880 4624 see
892 4583 930 4623 ou
943 4566 999 4624 Tit.
1015 4581 1055 4638 ¹4·
1068 4583 1118 4639 pn,
1131 4567 1186 4626 Tit.
1204 4569 1271 4638 17.6
1283 4585 1359 4640 supr.

774 4665 798 4718 Τ
