3274 5152
249 357 321 446 ¹238
462 367 812 434 INSTITUTIONUM
829 366 948 422 LIBRI
966 367 1203 439 QUATTUOR.
1298 370 1407 437 [trull.

227 533 246 589 5
301 532 444 598 Possunt
455 544 566 599 autem
582 543 686 598 testes
701 551 817 597 omnes
832 540 866 597 et
880 551 947 595 uno
965 532 1064 598 anulo
1079 533 1208 617 signare
1223 541 1407 599 testamen·

257 645 331 700 tum
352 635 445 723 (quid
468 639 566 715 enim,
591 639 618 701 si
643 645 772 719 septem
796 636 887 700 anuli
908 656 974 700 una
993 636 1162 720 sculptura
1177 635 1333 724 fuerintl)
1356 659 1407 703 se·

258 742 403 804 cundum
429 743 519 824 quod
546 741 730 823 Pomponio
753 741 859 804 visum
884 748 944 804 est.
998 743 1057 804 sed
1081 752 1115 806 et
1139 742 1247 807 alieno
1273 763 1407 826 quoque

226 845 358 909 oanulo
383 845 460 908 licet
483 846 622 928 signare.
667 843 787 909 Testes
809 854 922 909 autem
947 843 1096 909 adhiberi
1120 855 1260 928 possunt
1281 846 1312 924 ii,
1330 865 1406 909 curn

257 947 379 1029 quibus
390 948 580 1012 testamenti
595 947 694 1013 factio
710 957 771 1012 est.
805 949 863 1012 sed
880 967 987 1030 neque
1003 949 1121 1012 mulier
1136 969 1243 1032 neque
1255 949 1407 1032 impubes

259 1071 366 1133 neque
385 1071 498 1115 servus
520 1073 628 1134 neque
651 1062 762 1116 mutus
787 1073 895 1134 neque
912 1054 1031 1116 surdus
1054 1074 1162 1136 neque
1183 1055 1324 1118 furiosus
1346 1073 1406 1118 nec

257 1159 310 1221 cui
326 1157 422 1221 bonis
436 1158 645 1222 interdictum
661 1167 712 1222 est
730 1177 798 1222 nec·
810 1157 847 1232 is,
863 1177 963 1240 quem
979 1157 1070 1240 leges
1085 1159 1201 1222 iubent
1216 1157 1404 1240 improbum

259 1260 547 1343 intestabilemque
570 1281 650 1340 esse,
681 1271 820 1344 possunt
846 1262 879 1324 in
910 1281 1048 1326 numero
1081 1263 1216 1326 testium
1246 1259 1406 1324 adhiberi.

227 1375 245 1430 7
261 1364 329 1431 Sed
345 1385 419 1429 curn
435 1365 553 1448 aliquis
570 1387 615 1429 ex
634 1367 774 1430 testibus
793 1366 985 1430 testamenti
1008 1365 1146 1448 quidem
1166 1365 1307 1430 faciendi
1322 1373 1406 1428 tem·

258 1489 339 1551 pore
363 1469 447 1532 liber
470 1469 731 1546 existimabatur,
756 1477 874 1550 postea
899 1488 977 1532 vero
1006 1489 1120 1532 servus
1146 1469 1309 1552 apparuit,
1335 1477 1406 1531 tam

257 1571 353 1635 divus
374 1572 564 1638 Hadrianus
585 1570 726 1636 Catonio
745 1571 834 1636 Vero
856 1591 957 1654 quam
977 1583 1094 1654 postea
1117 1573 1184 1636 divi
1209 1572 1350 1637 Seuerus
1372 1579 1407 1634 et

258 1675 450 1741 Antoninus
466 1677 699 1758 rescripserunt
713 1675 886 1740 subvenire
905 1695 941 1740 se
957 1697 1001 1739 ex
1015 1697 1076 1740 sua
1092 1676 1289 1740 liberalitate
1304 1683 1406 1740 testa·

259 1789 381 1855 mento,
398 1789 435 1844 ut
450 1780 497 1844 sic
511 1780 680 1859 habeatur,
700 1789 801 1862 atque
821 1779 849 1842 si
870 1787 907 1843 ut
929 1790 1061 1862 oportet
1077 1779 1202 1845 factum
1218 1788 1314 1858 esset,
1330 1798 1406 1842 curn

257 1903 299 1948 eo
319 1893 476 1967 tempore,
496 1905 563 1968 quo
586 1893 824 1948 testamentum
849 1883 1041 1966 signaretur,
1068 1885 1218 1948 omnium
1244 1901 1406 1948 consensu

257 1987 312 2052 hic
337 1989 431 2053 testis
457 1987 635 2052 liberorum
663 1987 747 2074 loco,
767 1987 865 2052 fuerit
887 2007 947 2052 nec
970 1988 1146 2072 quisquam
1172 1997 1268 2063 esset,
1295 1987 1351 2070 qui
1376 1983 1407 2050 ei

226 2099 364 2157 ttstatus
382 2093 609 2176 quaestionem
633 2101 774 2156 moveat.
819 2092 918 2156 Pater
940 2113 1001 2157 nec
1024 2113 1091 2156 non
1114 2093 1152 2169 is,
1171 2093 1228 2176 qui
1245 2093 1278 2155 in
1294 2099 1406 2174 potes·

257 2205 327 2260 tate
342 2198 411 2260 eius
426 2207 484 2276 est,
499 2198 579 2260 item
595 2197 662 2260 duo
677 2195 802 2271 fratres,
822 2197 879 2278 qui
898 2197 931 2259 in
953 2197 1101 2260 eiusdem
1117 2198 1221 2279 patris
1236 2202 1407 2278 potestate

257 2407 392 2464 Claudius
410 2407 557 2478 subjected
575 2409 624 2464 the
645 2406 737 2464 writer
757 2417 788 2463 to
808 2408 857 2463 the
878 2406 1017 2478 penalties
1039 2407 1072 2462 of
1086 2406 1135 2463 the
1156 2408 1201 2462 lex
1218 2403 1350 2462 Cornelia
1369 2403 1407 2460 de

255 2490 343 2560 falsis,
357 2492 410 2547 Bk.
423 2489 459 2547 iv.
476 2492 516 2547 18.
528 2504 544 2558 7
558 2490 607 2546 inf.

292 2575 306 2642 9
320 2577 349 2630 6.
369 2573 506 2645 Capacity
518 2591 576 2630 was
592 2573 723 2645 required
738 2573 767 2628 in
779 2591 798 2629 a
811 2573 923 2629 witness
940 2574 1008 2644 only
1020 2583 1049 2628 at
1062 2575 1110 2629 the
1123 2571 1192 2628 time
1204 2571 1238 2627 of
1246 2572 1295 2628 the
1308 2586 1407 2626 execu-

255 2655 315 2713 tion
332 2657 365 2712 of
373 2658 422 2713 the
435 2657 497 2712 wilt
534 2657 711 2713 Testamenti
730 2657 817 2713 factio
836 2674 935 2713 means
953 2657 1083 2727 capacity
1098 2657 1137 2727 (a)
1157 2667 1187 2712 to
1204 2656 1289 2711 make
1307 2671 1325 2709 a
1343 2652 1407 2722 will,

255 2739 294 2809 (b)
307 2750 337 2795 to
349 2740 415 2796 take
427 2740 518 2795 under
529 2755 547 2795 a
559 2740 614 2794 will
629 2739 720 2796 either
736 2757 768 2796 as
787 2741 870 2796 heres
883 2757 915 2794 or
927 2741 1045 2809 legates,
1060 2740 1096 2810 (c)
1113 2757 1146 2794 as
1159 2741 1236 2808 here,
1249 2749 1280 2793 to
1293 2737 1407 2792 witness

255 2839 274 2878 a
286 2822 360 2890 will3
378 2825 427 2879 the
439 2839 571 2878 common
584 2823 706 2879 element
725 2841 819 2880 seems
837 2834 867 2878 to
885 2823 922 2878 be
941 2823 990 2878 the
1005 2839 1141 2893 presence
1154 2823 1187 2878 of
1195 2819 1407 2888 commercium,

255 2906 299 2961 for
318 2907 411 2962 slaves
431 2907 515 2962 could
534 2907 570 2962 be
589 2907 736 2963 instituted
754 2923 787 2962 or
805 2906 890 2962 made
909 2907 1033 2976 legatees
1052 2906 1082 2961 in
1099 2906 1189 2962 virtue
1211 2905 1244 2960 of
1261 2906 1310 2960 the
1330 2920 1407 2960 conr·

255 2989 392 3046 mercium
409 2991 443 3045 of
456 2990 530 3046 their
547 3001 670 3046 master:
690 2991 715 3044 ol
730 2990 825 3045 οἰκέται
840 2990 995 3060 drrpdrrrurror
1011 2989 1083 3045 dms
1094 2989 1123 3044 fx
1134 2993 1186 3044 τῶν
1196 2989 1346 3060 προσῶπον
1356 2992 1408 3041 τῶν

254 3073 353 3128 dectus
373 3073 509 3128 &ordros
528 3073 755 3144 xnpnrrrrypr'sovrur
774 3073 902 3144 Theoph.
922 3071 960 3128 ad
978 3071 1016 3128 iii.
1035 3085 1075 3139 17.
1094 3089 1134 3143 pr.
1155 3071 1204 3128 inf.
1241 3072 1304 3126 The
1324 3069 1407 3125 other

254 3156 362 3212 classes
383 3156 416 3211 of
432 3173 551 3227 persons
569 3155 734 3213 mentioned
752 3156 781 3212 in
799 3157 857 3212 this
874 3156 933 3212 and
951 3156 1001 3212 the
1018 3155 1162 3226 following
1179 3155 1304 3210 sections
1322 3151 1407 3208 could

255 3249 305 3295 not
317 3239 354 3295 be
367 3239 512 3296 witnesses
525 3257 562 3296 on
575 3242 656 3296 other
668 3241 793 3311 grounds
806 3242 875 3296 than
888 3249 963 3295 want
976 3239 1010 3293 of
1017 3238 1228 3308 commercium,
1241 3246 1341 3308 except
1358 3237 1407 3292 the

255 3321 424 3378 interdicted
436 3323 573 3393 prodigal,
587 3323 646 3379 ‘cui
663 3323 835 3380 commercio
847 3322 1029 3379 interdictum
1041 3324 1100 3378 est’
1114 3322 1229 3393 Ulpian,
1242 3337 1300 3390 reg.
1310 3335 1354 3376 20.
1367 3333 1418 3387 13.

258 3405 383 3476 lmprobi
396 3416 424 3462 et
437 3405 613 3462 intestabiles
625 3407 745 3478 include,
754 3407 868 3464 besides
880 3408 930 3464 the
943 3423 1009 3462 case
1019 3405 1184 3462 mentioned
1196 3405 1226 3460 in
1235 3407 1284 3460 the
1294 3403 1408 3458 Twelve

255 3489 361 3546 Tables
375 3490 394 3559 (⁸
402 3489 450 3561 qui
463 3505 494 3545 se
507 3489 584 3546 sien't
597 3491 726 3546 testarier
742 3491 914 3562 libripeusve
930 3489 1021 3560 fuerit,
1034 3489 1063 3544 ni
1076 3489 1271 3546 testimonium
1283 3486 1407 3554 furiatus,

255 3571 401 3644 improbus
414 3573 638 3646 intestabilisque
654 3585 716 3630 esto
725 3576 743 3644 ¹)
758 3575 909 3631 convicted
926 3573 1048 3630 libellers
1063 3573 1121 3629 and
1137 3573 1327 3643 lampooners,
1340 3568 1408 3638 Dig.

257 3655 300 3712 28.
316 3671 337 3710 1.
354 3657 395 3712 18.
411 3672 421 3711 1
436 3675 444 3722 ;
461 3656 591 3726 heretics,
606 3657 676 3713 Cod.
692 3673 715 3713 1.
731 3671 753 3728 5.
767 3673 803 3725 43
821 3658 880 3713 and
893 3667 1046 3727 apostates,
1061 3656 1133 3712 Cod.
1149 3670 1170 3710 1.
1184 3669 1208 3723 7.
1221 3669 1248 3722 4.
1286 3654 1408 3707 Persons

256 3737 407 3794 convicted
419 3740 451 3794 of
459 3739 588 3809 adultery
601 3739 679 3811 (Dig.
690 3755 733 3798 22.
749 3753 771 3812 5.
790 3741 842 3811 15),
855 3740 913 3796 and
932 3741 1054 3811 perhaps
1072 3739 1105 3794 of
1118 3737 1292 3810 repetundae
1306 3735 1354 3805 (ib.
1368 3747 1407 3804 15.

258 3837 318 3892 pr.:
341 3837 392 3892 per
412 3833 512 3878 contra
526 3823 632 3894 Ulpian
651 3823 680 3878 in
700 3823 765 3894 Dig.
780 3825 823 3878 28.
839 3837 862 3879 1.
875 3837 918 3878 20.
934 3823 960 3892 5)
983 3839 1056 3878 were
1075 3822 1136 3877 also
1154 3817 1316 3893 probibited
1334 3816 1407 3871 from

256 3904 343 3974 being
355 3904 509 3962 witnesses.
547 3906 616 3962 Oral
632 3916 801 3963 testaments
818 3907 886 3977 only
899 3907 926 3976 (§
944 3919 975 3973 14
988 3905 1048 3976 inf.)
1061 3904 1145 3960 could
1157 3905 1194 3960 be
1207 3899 1359 3958 witnessed
1370 3900 1409 3970 by

172 4025 181 4042 .
256 3986 337 4042 blind
349 4005 475 4059 persons

190 4103 194 4112 .
292 4072 307 4139 §
321 4075 348 4129 'l.
367 4072 437 4127 This
449 4073 567 4144 rescript
580 4072 614 4128 of
623 4073 753 4130 Hadrian
766 4073 833 4128 isin
846 4072 917 4129 Cod.
927 4071 954 4126 6.
965 4086 1007 4141 23.
1020 4085 1041 4128 1.
1069 4070 1210 4142 Probably
1223 4069 1259 4124 its
1271 4065 1409 4140 principle

256 4153 347 4226 might
359 4155 396 4211 be
408 4157 550 4212 extended
562 4166 592 4212 to
604 4158 686 4213 other
694 4173 775 4213 cases
785 4158 818 4212 of
827 4155 995 4228 incapaclty,
1005 4173 1043 4211 on
1056 4156 1105 4210 the
1117 4155 1240 4224 analogy
1249 4153 1282 4208 of
1289 4151 1355 4221 Dig.
1368 4165 1409 4218 14.

254 4239 281 4293 d
296 4253 319 4308 a
333 4255 376 4309 pr.
388 4239 436 4308 (de
450 4241 506 4296 SC.
521 4241 742 4310 Macedoniano)
762 4240 800 4296 ‘si
817 4239 880 4312 quis
897 4237 1129 4310 patremfamilias
1142 4255 1206 4294 esse
1218 4234 1338 4292 credidit
1351 4251 1409 4288 non

256 4337 332 4375 vana
349 4321 530 4393 simplicitate
548 4323 685 4396 deceptus
703 4341 757 4380 nec
775 4323 843 4378 iuris
861 4322 1029 4393 ignorantia,
1043 4321 1094 4376 sed
1109 4321 1176 4392 quia
1191 4317 1304 4392 publice
1317 4327 1410 4389 pater-

256 4404 378 4460 familias
396 4405 537 4478 plerisque
555 4407 712 4478 uidebatur,
731 4407 773 4464 sic
791 4407 904 4477 agebat,
924 4405 949 4462 si
965 4405 1160 4476 contrahebat,
1182 4403 1224 4461 sic
1245 4399 1410 4460 muneribus

256 4485 435 4560 fungebatur,
446 4490 570 4548 cessabit
582 4491 877 4550 senatusconsultum!
