3266 5188
188 409 288 476 mna]
461 409 523 468 DE
544 409 793 466 NOXALIBUS
810 409 1078 466 ACTIONIBUS.
1274 400 1339 486 563

187 583 246 640 aut
262 574 371 640 edicto
392 576 571 656 praetoris:
595 573 723 658 legibus
737 572 839 640 veluti
857 573 935 638 furti
956 573 1030 656 lege
1048 573 1223 638 duodecim
1242 575 1338 640 tabu·

186 676 302 756 larum,
314 678 429 744 damni
440 679 577 744 iniuriae
586 677 661 762 lege
670 677 825 760 Aquilia:
846 678 957 742 edicto
970 679 1132 760 praetoris
1142 677 1242 742 veluti
1255 679 1337 742 iniu-

186 781 308 846 riarum
326 791 361 846 et
375 783 407 846 vi
421 783 584 848 bonorum
600 791 778 864 raptorum.
823 780 941 846 Omnis
964 791 1077 866 autern
1100 781 1230 846 noxalis
1247 783 1367 849 acti05

186 894 287 966 mput
296 886 452 966 sequitur.
475 886 713 956 namsiservus
722 893 799 948 tuus
811 886 947 948 noxiam
958 885 1167 964 commiserit,
1177 886 1336 968 quamdiu

185 988 219 1052 in
236 997 294 1054 tua
309 997 476 1072 potestate
496 989 548 1066 sit,
563 998 673 1054 tecum
690 998 740 1052 est
755 990 864 1053 actio:
887 989 914 1052 si
931 989 965 1052 in
985 988 1119 1054 alterius
1135 997 1336 1071 potestatem

185 1093 379 1174 pervenerit,
393 1112 468 1158 cum
484 1092 541 1157 illo
555 1093 670 1174 incipit
686 1092 774 1156 actio
789 1112 870 1170 esse,
879 1102 938 1158 aut
953 1092 980 1154 si
997 1093 1217 1156 manumissus
1232 1092 1337 1174 luerit,

185 1195 312 1260 directo
327 1197 399 1278 ipse
413 1205 546 1264 tenetur
559 1205 595 1262 et
618 1195 824 1282 extinguitur
844 1215 954 1260 noxae
975 1196 1110 1260 deditio.
1149 1217 1193 1259 ex
1208 1195 1337 1260 diverso

185 1318 317 1380 quoque
330 1300 457 1364 directa
477 1299 564 1366 actio
588 1299 719 1364 noxalis
741 1320 813 1363 esse
831 1297 964 1382 incipit:
989 1319 1066 1364 nam
1088 1300 1115 1362 si
1136 1297 1219 1362 liber
1236 1298 1337 1364 homo

184 1403 321 1466 noxiam
334 1403 535 1470 commiserit
547 1412 580 1470 et
595 1404 623 1468 is
634 1423 746 1468 servus
758 1411 834 1468 tuus
850 1423 921 1466 esse
934 1403 1081 1485 coeperit
1092 1400 1197 1486 (quod
1208 1403 1337 1468 casibus

184 1505 382 1586 quibusdam
405 1507 494 1570 effici
514 1508 621 1589 primo
647 1507 732 1570 libro
755 1503 974 1590 tradidimus),
994 1507 1108 1589 incipit
1130 1515 1241 1570 tecum
1265 1527 1337 1572 esse

184 1608 315 1672 noxalis
341 1611 439 1686 actio,
466 1631 551 1694 quae
576 1618 655 1675 ante
680 1610 807 1675 directa
830 1609 957 1676 suisset.
1001 1608 1038 1674 Si
1064 1629 1177 1672 servus
1200 1609 1367 1676 dominod

184 1712 321 1775 noxiam
348 1713 557 1791 commiserit,
580 1714 667 1777 actio
689 1713 780 1778 nulla
802 1715 964 1777 nascitur:
997 1733 1140 1794 namque
1167 1714 1252 1776 inter
1276 1714 1334 1776 do-

184 1815 311 1878 minum
327 1825 362 1880 et
377 1837 453 1880 eum
474 1818 530 1899 qui
554 1817 586 1879 in
603 1816 672 1880 eius
693 1817 861 1899 potestate
882 1825 932 1880 est
954 1815 1045 1879 nulla
1065 1815 1224 1898 obligatio
1245 1818 1334 1880 nasci

184 1927 305 1999 potest.
342 1919 483 2003 ideoque
499 1920 574 1985 etsi
590 1921 624 1984 in
643 1919 786 1984 alienam
805 1929 1009 2004 potestatem
1025 1939 1136 1984 servus
1152 1921 1335 2001 pervenerit

183 2031 241 2086 aut
264 2024 485 2088 manumissus
507 2023 613 2102 suerit,
628 2045 735 2106 neque
757 2044 832 2088 curn
855 2024 929 2107 ipso
951 2041 1058 2106 neque
1080 2043 1156 2086 cum
1176 2043 1224 2100 eo,
1243 2023 1335 2087 cuius

183 2145 269 2189 nunc
299 2126 332 2189 in
362 2136 530 2209 potestate
559 2128 611 2206 sit,
637 2128 692 2210 agi
722 2137 843 2210 potest.
891 2127 979 2190 unde
1009 2126 1037 2188 si
1066 2125 1193 2190 alienus
1222 2146 1334 2190 servus

182 2229 319 2292 noxiam
350 2231 410 2294 tibi
436 2230 639 2295 commiserit
663 2240 697 2295 et
723 2231 750 2293 is
780 2239 899 2313 postea
923 2230 958 2294 in
981 2237 1148 2312 potestate
1177 2237 1236 2294 tua
1262 2249 1335 2296 esse

181 2333 335 2414 coeperit,
360 2333 526 2398 intercidit
551 2334 648 2411 actio,
666 2335 744 2418 quia
766 2334 800 2397 in
823 2355 899 2397 eum
922 2353 1035 2398 casum
1058 2333 1202 2398 deducta
1223 2332 1277 2408 sit,
1300 2332 1334 2398 in

181 2454 248 2518 quo
271 2437 449 2502 consistere
475 2458 541 2501 nora
565 2438 694 2521 potuit:
722 2439 864 2520 ideoque
883 2438 963 2502 lieet
985 2435 1104 2504 exierit
1127 2437 1171 2502 de
1193 2444 1252 2500 tua
1275 2455 1335 2517 po-

146 2565 149 2574 ⁴
180 2547 313 2616 testate,
329 2561 428 2624 agere
442 2562 509 2606 non
524 2550 629 2624 potes,
642 2541 967 2624 quemadmodumsi
982 2539 1137 2604 dominus
1153 2539 1186 2605 in
1202 2558 1332 2604 servum

180 2663 277 2706 suum
303 2644 429 2728 aliquid
455 2646 665 2724 commiserit,
695 2665 756 2710 nec
785 2645 813 2708 si
843 2644 1064 2708 manumissus
1087 2641 1140 2706 vel
1170 2642 1333 2708 alienatus

180 2745 277 2812 luerit
293 2768 415 2829 servus,
430 2749 530 2813 ullam
552 2749 718 2814 actionem
739 2756 854 2812 contra
871 2748 1044 2811 dominum
1065 2747 1189 2810 habere
1212 2756 1333 2829 potest.

178 2942 251 2998 from
270 2944 374 3000 veluti.
387 2983 395 3000 .
407 2983 416 3002 .
427 2943 535 3002 veluti:
554 2961 572 3002 a
588 2943 674 3000 noxal
692 2942 788 3000 aetion
806 2959 864 2998 was
882 2941 967 3014 given
985 2958 1063 3016 upon
1085 2941 1279 3016 quasi-delicte
1300 2959 1333 2998 as

179 3027 500 3098 wa1‚mg.94.2.1;
518 3041 562 3095 47.
580 3043 601 3082 1·
619 3042 640 3084 1·
655 3042 693 3094 23
711 3039 754 3094 47·
769 3039 793 3094 7·
808 3039 831 3094 7·
849 3038 873 3096 s·

215 3108 270 3182 §b
292 3113 349 3166 For
366 3113 415 3167 the
433 3111 533 3168 modes
552 3111 581 3165 in
596 3110 688 3165 which
705 3127 723 3165 a
741 3110 800 3166 iree
820 3127 887 3164 man
906 3108 991 3166 could
1009 3109 1128 3166 become
1150 3126 1167 3164 a
1186 3111 1263 3165 slave
1284 3125 1332 3164 see

179 3195 234 3249 uk.
247 3194 266 3250 i.
279 3211 303 3264 3.
316 3211 342 3265 4,
356 3195 413 3250 and
425 3207 507 3251 notes
521 3212 596 3266 supr.

215 3276 273 3348 ξθ.
291 3280 354 3335 The
366 3279 426 3334 first
437 3279 492 3334 iew
504 3278 576 3333 lines
589 3277 622 3332 oi
631 3276 690 3332 this
707 3275 815 3332 section
832 3293 882 3332 are
897 3292 972 3346 open
988 3286 1018 3331 to
1034 3275 1267 3346 misconception.
1306 3278 1332 3332 lt

178 3378 236 3418 was
254 3371 304 3418 not
323 3363 430 3431 merely
442 3362 503 3416 that
523 3378 561 3416 no
580 3360 674 3416 action
688 3361 735 3429 lay
747 3377 823 3430 upon
843 3377 860 3414 a
880 3359 965 3414 delict
984 3359 1150 3414 committed
1169 3360 1237 3428 bya
1254 3360 1332 3415 slave

178 3445 290 3514 against
303 3445 348 3500 his
361 3445 501 3514 dominus,
510 3445 561 3500 but
572 3443 593 3499 it
603 3461 675 3513 gave
688 3443 743 3499 rise
753 3453 830 3498 tono
840 3442 996 3512 obligation
1006 3443 1331 3497 whatever-doubtless

174 3530 300 3584 because
312 3530 361 3584 the
373 3538 480 3583 master
494 3527 578 3582 could
596 3537 644 3598 get
663 3527 722 3580 him
740 3525 881 3596 punished
897 3525 934 3594 by
948 3541 985 3579 an
1004 3525 1106 3595 appeal
1124 3535 1155 3580 to
1173 3527 1222 3581 the
1240 3536 1331 3580 extra·

175 3611 320 3668 ordinaria
332 3611 456 3682 cognitio
464 3611 502 3665 of
508 3611 558 3666 the
570 3620 691 3681 praetor,
704 3627 737 3664 or
754 3626 826 3666 even
840 3608 931 3664 inflict
947 3609 996 3664 the
1010 3609 1129 3680 penalty
1144 3609 1173 3664 in
1190 3626 1293 3680 person
1311 3608 1335 3664 ir

175 3696 225 3752 the
238 3695 347 3753 offense
360 3712 432 3752 were
446 3711 463 3750 a
475 3693 546 3762 light
559 3711 621 3752 one.
660 3696 687 3748 N
691 3711 723 3748 or
735 3691 759 3747 is
772 3692 793 3747 it
806 3703 868 3747 true
881 3692 942 3748 that
956 3691 1045 3748 ‘inter
1060 3691 1207 3748 dominum
1222 3701 1251 3748 et
1264 3710 1330 3748 eum

175 3779 224 3850 qui
243 3778 271 3833 in
290 3788 431 3849 potestate
448 3777 508 3834 eius
528 3787 572 3834 est
590 3779 668 3833 nulla
685 3775 820 3848 obligatio
839 3775 917 3832 nasci
936 3778 1057 3847 potest:’
1078 3776 1206 3832 between
1223 3787 1330 3834 master

174 3863 233 3920 and
246 3863 332 3932 slave,
345 3873 426 3932 pater
438 3861 496 3918 and
509 3861 715 3929 filiusfamilias,
725 3860 805 3915 there
817 3860 902 3916 could
914 3860 951 3915 be
963 3859 1101 3916 naturalis
1113 3860 1164 3916 but
1176 3870 1226 3916 not
1239 3859 1330 3916 civilis

175 3945 319 4015 obligatio,
332 3945 388 4000 Tit.
402 3959 427 4012 7.
441 3959 457 4014 3
470 3963 554 4016 supr,
570 3945 636 4014 Dig.
653 3960 693 3999 12.
706 3945 732 3999 6.
744 3944 799 4010 643
817 3959 861 4010 44.
875 3957 898 4010 7.
916 3958 957 4011 14.

209 4030 272 4084 The
295 4028 459 4084 Proculians
478 4029 536 4084 bad
554 4028 731 4084 maintained
753 4029 815 4084 that
838 4029 887 4082 the
909 4027 1004 4083 action
1026 4027 1070 4083 ior
1090 4028 1140 4083 the
1162 4026 1246 4082 delict
1265 4029 1330 4085 oia

174 4113 252 4168 slave
265 4131 323 4168 was
336 4123 386 4168 not
396 4113 598 4183 extinguished
610 4113 648 4182 by
660 4112 705 4166 his
719 4111 833 4182 coming
846 4111 937 4166 under
949 4112 998 4168 the
1009 4127 1105 4182 power
1117 4111 1149 4166 os
1158 4111 1206 4166 the
1219 4109 1330 4180 injured

172 4211 285 4266 person,
298 4196 349 4251 but
368 4197 436 4266 only
454 4195 626 4266 suspended,
645 4194 726 4251 ‘curn
745 4212 813 4252 vero
831 4193 930 4252 exierit
950 4195 1070 4252 demea
1091 4203 1242 4264 potestate,
1261 4203 1329 4250 tunc

173 4295 237 4333 eam
251 4279 426 4334 resuscitari’
439 4280 528 4335 Gaius
542 4279 577 4335 iv.
592 4281 635 4346 78.

209 4363 267 4416 For
279 4361 467 4432 applicatione
484 4362 516 4416 ot
529 4362 578 4417 the
594 4363 653 4418 rule
670 4360 760 4432 ‘quae
779 4359 808 4416 in
827 4377 891 4416 eam
910 4377 1025 4416 causam
1041 4369 1228 4432 pervenerunt
1242 4375 1260 4414 a
1272 4377 1330 4431 qua

172 4443 297 4514 incipere
315 4462 373 4500 non
390 4454 522 4515 poteraut
540 4461 593 4515 pro
611 4461 669 4500 non
690 4443 803 4513 scriptis
824 4443 1266 4511 habentur'cf.Blciiao.14;
1289 4442 1330 4501 iii.

175 4528 531 4601 19.2supr.,andDig.5c
549 4543 640 4596 1.11;
659 4529 792 4596 8.1.1t;
811 4527 945 4598 9.a.16;
963 4529 1124 4600 348.3.2.

712 4627 736 4682 0
751 4635 772 4683 0
788 4633 807 4682 2
