3268 5142
295 419 360 492 592
498 413 850 472 INSTITUTIONUM
867 411 987 470 LIBRI
1006 410 1241 484 QUATTUOR.
1330 411 1446 479 [ΜΒΝ.

295 580 329 646 ἰιι
357 580 430 645 loco
454 599 547 644 sacro
572 577 748 656 aedificari,
777 577 830 644 vel
857 575 1050 642 influmine
1075 575 1208 658 publico
1236 574 1350 658 ripaue
1374 574 1447 639 eius

295 684 419 767 aliquid
447 683 525 758 fieri,
549 703 618 764 quo
642 682 735 764 peius
761 683 941 764 navigetur.
993 680 1194 744 restitutoria
1217 689 1302 759 sunt,
1325 679 1448 762 quibus

296 787 423 854 restitui
449 786 573 868 aliquid
603 785 703 863 iubet,
733 785 836 851 veluti
865 804 940 850 cunr
969 783 1132 848 bonorum
1161 784 1341 866 possessori
1370 803 1448 865 pos-

296 890 478 956 sessionem
502 910 625 967 eorum,
648 909 735 971 quae
752 889 832 972 'quis
858 908 918 970 pro
942 885 1065 952 herede
1091 897 1148 951 aut
1172 907 1232 971 pro
1258 906 1449 970 possessore

296 994 445 1076 possidet
461 1013 504 1055 ex
521 1013 560 1056 ea
575 991 769 1069 hereditate,
784 1001 842 1056 aut
861 1011 936 1055 cum
952 991 1044 1054 iubet
1060 991 1099 1069 ei,
1115 990 1218 1073 quivi
1239 990 1449 1073 possessione

296 1097 390 1161 lundi
417 1096 564 1160 deiectus
590 1096 643 1170 sit,
671 1095 798 1159 restitui
825 1095 1077 1178 possessionem.
1129 1093 1328 1160 exhibitoria
1359 1101 1448 1169 sunt,

297 1219 357 1282 per
376 1219 462 1280 quae
481 1198 572 1262 iubet
591 1198 751 1276 exhiberi,
766 1199 867 1262 veluti
884 1215 969 1271 eum,
986 1198 1077 1262 cuius
1097 1198 1140 1260 de
1160 1197 1313 1260 libertate
1328 1197 1448 1278 agitur,

297 1312 357 1366 aut
378 1301 541 1377 libertum,
561 1301 612 1365 cui
635 1310 792 1383 patronus
814 1322 933 1384 operas
956 1301 1098 1365 indicere
1123 1299 1212 1376 velit,
1235 1311 1293 1365 aut
1319 1299 1449 1382 parenti

298 1406 428 1480 liberos,
447 1404 505 1488 qui
528 1404 561 1466 in
583 1414 751 1488 potestate
773 1406 843 1468 eius
869 1415 955 1470 sunt.
1008 1414 1085 1468 sunt
1108 1414 1222 1468 tamen
1249 1404 1304 1487 qui
1330 1412 1450 1486 putant

297 1509 429 1598 proprie
450 1508 625 1574 interdicta
648 1529 687 1572 ea
707 1510 825 1585 vocari,
848 1529 935 1592 quae
957 1508 1172 1591 prohibitoria
1194 1517 1278 1584 sunt,
1299 1508 1378 1590 quia
1399 1508 1450 1570 in·

298 1612 459 1676 terdicere
481 1623 531 1676 est
557 1612 752 1676 denuntiare
772 1622 806 1676 et
829 1611 1021 1695 prohibere:
1048 1612 1249 1676 restitutoria
1275 1621 1388 1675 autem
1414 1619 1450 1674 et

298 1715 498 1782 exhibitoria
514 1715 644 1798 proprie
658 1715 793 1780 decreta
806 1716 935 1780 vocari:
959 1715 1017 1779 sed
1036 1725 1150 1779 tamen
1171 1711 1316 1798 optinuit
1337 1713 1450 1778 omnia

298 1954 478 2023 restitutoria,
492 1953 550 2010 and
562 1951 737 2023 exhibitoria,
749 1953 836 2023 being
853 1954 943 2008 based
960 1970 1036 2024 upon
1052 1955 1102 2008 the
1118 1963 1200 2009 tenor
1212 1954 1245 2008 ol
1253 1953 1301 2008 the
1314 1953 1449 2023 praetor's

299 2038 391 2106 order,
410 2037 468 2092 and
491 2036 607 2092 derived
631 2037 704 2091 from
726 2036 814 2092 Gaius
838 2036 883 2106 (iv.
910 2051 967 2106 140,
991 2035 1060 2104 142),
1077 2036 1101 2090 is
1121 2036 1150 2091 in
1170 2035 1312 2107 Justinian
1334 2054 1352 2091 a
1371 2053 1450 2091 mere

298 2120 517 2180 anachronism:
540 2119 686 2176 interdicts
704 2118 762 2176 aim
779 2130 809 2174 at
828 2119 1002 2190 preventiou,
1015 2119 1183 2189 restitution,
1196 2120 1254 2176 and
1272 2119 1450 2190 productiori,

299 2221 338 2261 no
357 2221 443 2272 more,
456 2203 514 2261 aud
532 2220 570 2258 no
588 2204 653 2272 less,
667 2205 736 2260 than
751 2203 884 2272 ordinary
896 2203 1014 2258 actions.
1053 2205 1086 2256 ln
1102 2203 1166 2274 Dig.
1180 2219 1223 2272 43.
1241 2219 1261 2258 1.
1279 2219 1300 2258 r.
1318 2219 1328 2256 1
1342 2201 1450 2273 Ulpian

299 2288 372 2344 adds
385 2305 403 2342 a
415 2289 508 2342 fourth
521 2286 813 2357 species-interdicts
823 2286 914 2341 which
927 2303 976 2342 are
988 2285 1137 2342 mixed—i.
1145 2304 1168 2342 e.
1183 2287 1252 2341 both
1265 2285 1451 2356 prohibitoria

299 2371 357 2430 end
369 2370 545 2428 exhibitoria.

337 2456 399 2510 The
412 2454 543 2510 interdict
556 2452 718 2524 forbidding
730 2453 834 2512 violent
848 2465 943 2511 ouster
955 2453 988 2509 os
996 2471 1032 2510 an
1046 2453 1180 2508 innocent
1193 2470 1341 2524 possessor
1353 2451 1376 2508 is
1389 2454 1450 2508 that

300 2539 402 2596 known
415 2555 447 2596 as
461 2537 499 2594 uti
513 2537 674 2608 possidetis,
688 2539 702 2606 ὁ
717 2553 734 2606 4
747 2537 795 2594 inf.
833 2539 907 2594 That
920 2536 956 2593 de
970 2548 1081 2592 mortuo
1094 2537 1242 2592 inserendo
1260 2537 1284 2592 is
1297 2537 1408 2592 treated
1420 2535 1449 2590 in

300 2622 388 2680 detail
406 2621 435 2676 in
456 2621 521 2691 Dig.
545 2637 585 2676 11.
604 2623 639 2689 8;
664 2621 700 2679 irs
719 2621 839 2678 formula
856 2639 907 2676 ran
927 2621 999 2692 ‘quo
1018 2638 1109 2692 quave
1128 2620 1167 2675 illi
1186 2630 1328 2675 mortuum
1347 2619 1452 2674 inferre

300 2705 389 2759 invito
407 2715 436 2760 te
455 2704 498 2760 ius
516 2714 568 2773 est,
582 2705 733 2775 quominus
752 2703 791 2762 illi
808 2723 844 2760 eo
862 2723 932 2760 eave
950 2715 1092 2760 mortuum
1111 2705 1213 2759 inferre
1231 2715 1259 2759 et
1272 2703 1311 2758 ibi
1330 2702 1450 2774 sepelire

301 2788 385 2845 liceat
398 2787 456 2842 vim
474 2787 533 2842 fieri
549 2797 613 2842 veto
625 2790 647 2854 ;’
665 2789 726 2844 that
739 2787 772 2842 ol
787 2790 836 2844 the
854 2788 930 2843 third
949 2787 1125 2859 prohibitory
1138 2787 1269 2843 interdict
1286 2786 1451 2842 mentioned

301 2871 330 2928 in
344 2872 392 2928 the
404 2880 462 2926 text
476 2870 521 2924 ‘in
535 2871 597 2926 loco
610 2887 692 2926 sacro
704 2871 797 2926 lacere
812 2871 877 2926 inve
895 2889 960 2926 eum
977 2871 1130 2928 immittere
1147 2871 1216 2942 quid
1228 2873 1309 2926 veto'
1327 2871 1393 2940 Dig.
1407 2884 1450 2938 43.

300 2955 337 3022 6;
355 2955 416 3010 that
430 2954 462 3008 os
476 2955 524 3008 the
543 2954 636 3010 fourth
656 2954 710 3010 ‘ne
728 2953 796 3024 quid
815 2953 844 3008 in
861 2955 978 3010 flumine
995 2955 1109 3025 publico
1122 2955 1219 3025 ripave
1231 2953 1292 3010 eius
1305 2953 1451 3024 immittas,

301 3053 358 3110 quo
371 3035 456 3092 statio
469 3035 557 3092 iterve
569 3035 683 3106 navigio
696 3035 819 3092 deterior
832 3036 867 3090 sit
881 3037 945 3092 fiat'
959 3037 1024 3108 Dig.
1038 3053 1081 3106 43.
1099 3053 1137 3092 ra

337 3117 553 3174 Restitutorium
572 3136 604 3172 as
621 3117 735 3190 applied
752 3128 782 3174 to
799 3118 945 3174 interdicts
964 3121 1016 3174 has
1034 3123 1082 3175 the
1095 3137 1174 3176 same
1188 3118 1260 3175 wide
1273 3119 1408 3190 meaning
1419 3137 1452 3176 as

301 3201 448 3258 restituere
462 3201 490 3256 iu
503 3203 617 3271 general
632 3221 639 3268 ;
658 3202 678 3257 it
692 3201 820 3271 denotes,
833 3201 947 3258 besides
960 3203 1009 3258 the
1021 3201 1181 3258 restitution
1193 3203 1226 3258 ol
1234 3203 1406 3274 possession,
1419 3220 1453 3258 as

302 3287 331 3344 in
345 3285 419 3340 unde
429 3284 466 3354 vi,
477 3286 517 3352 §6
530 3285 814 3356 inl,(1)deliveryol
823 3286 987 3356 possession
996 3287 1089 3342 where
1101 3304 1176 3343 none
1188 3288 1241 3341 has
1255 3287 1396 3357 preceded
1407 3289 1452 3356 (as

302 3371 331 3426 in
341 3387 460 3440 quorum
469 3370 616 3439 bonorum,
627 3371 642 3437 §
652 3384 668 3438 3
677 3369 737 3438 ius.)
751 3387 758 3438 ;
778 3370 817 3440 (2)
831 3371 880 3426 the
892 3371 1017 3426 removal
1027 3371 1060 3424 of
1069 3387 1086 3426 a
1095 3370 1232 3426 nuisance
1242 3387 1274 3424 or
1283 3369 1450 3428 demolitioo

301 3454 379 3508 olan
393 3454 524 3510 unlawlnl
537 3462 684 3522 structure,
700 3451 764 3520 Dig.
778 3467 822 3521 43.
836 3454 859 3508 8.
874 3467 898 3508 2.
914 3465 946 3522 35
961 3453 1018 3508 and
1030 3467 1075 3521 43.

338 3539 395 3592 For
412 3537 461 3594 the
480 3535 614 3606 meaning
626 3536 659 3592 oi
673 3535 871 3594 exhibitorium
888 3535 947 3592 and
963 3536 1096 3592 exhibere
1109 3553 1157 3591 see
1170 3553 1207 3592 on
1221 3536 1277 3592 Tit.
1289 3536 1314 3592 6.
1329 3551 1361 3604 ³1
1376 3553 1451 3606 supr.

301 3619 476 3690 Theophilus
490 3618 641 3690 illustrares
654 3619 702 3674 the
718 3617 850 3674 interdict
867 3619 905 3689 hy
918 3618 1009 3676 which
1026 3620 1075 3675 the
1093 3629 1206 3690 praetor
1219 3620 1226 3650 ‘
1237 3620 1314 3676 iubet
1327 3619 1452 3676 exhiberi

301 3721 367 3760 eum
386 3703 465 3761 cuius
483 3703 518 3758 de
535 3703 665 3760 libertate
683 3701 793 3771 agitur'
812 3703 850 3772 by
868 3702 969 3774 saving
989 3701 1159 3772 ἀποκρύπτεις
1178 3705 1223 3761 τὸν
1243 3703 1306 3772 lpus
1326 3703 1453 3774 ἀδελφάν,

301 3785 386 3857 λίγων
404 3787 483 3842 αὐτὸν
499 3780 563 3840 εἶναι
581 3786 677 3840 δοῦλον
698 3789 756 3855 σόν,
775 3785 840 3854 ἐμοῦ
861 3787 1023 3856 βουλομίνου
1041 3787 1100 3856 περὶ
1123 3789 1169 3855 τῆς
1192 3787 1271 3842 αὐτοῦ
1295 3787 1453 3842 destinanda

301 3869 465 3940 ἐλευθερίαν
491 3867 512 3924 it
534 3886 592 3924 was
616 3869 682 3926 thus
707 3885 725 3924 a
749 3868 879 3924 different
903 3869 1020 3940 remedy
1040 3869 1115 3926 from
1136 3871 1185 3926 the
1210 3869 1392 3928 interdictum
1416 3869 1453 3926 de

302 3952 417 4008 homine
435 3951 523 4006 libero
542 3951 711 4019 exhibendo,
724 3952 816 4008 which
835 3954 882 4022 lay
894 3954 961 4023 only
973 3954 1016 4008 sor
1028 3953 1077 4009 the
1089 3953 1258 4024 productiori
1271 3955 1304 4008 ol
1318 3970 1337 4008 a
1349 3969 1454 4024 person

302 4037 398 4092 whose
411 4036 468 4090 free
481 4045 572 4092 status
585 4053 642 4092 was
655 4045 705 4092 not
718 4035 886 4106 questioned
899 4055 905 4090 :
924 4035 1024 4106 ‘plane
1043 4035 1067 4092 si
1086 4037 1205 4106 dubitat,
1218 4046 1312 4098 utrum
1329 4037 1400 4092 liber
1416 4054 1453 4092 sn

302 4133 400 4178 servus
418 4117 463 4187 sit,
482 4119 526 4174 vel
545 4118 612 4174 lacit
631 4129 721 4176 status
740 4119 970 4188 controversiam,
984 4120 1175 4176 recedendum
1187 4119 1240 4176 erit
1252 4120 1289 4174 ab
1302 4121 1357 4175 hoc
1370 4120 1455 4176 iuter·

302 4201 380 4256 dicto
398 4211 425 4256 et
445 4201 557 4270 agenda
573 4217 660 4256 eausa
677 4202 834 4268 libertatis3
852 4201 958 4258 etenim
977 4212 1054 4258 recte
1073 4203 1178 4272 placuit
1191 4213 1258 4258 tunc
1271 4203 1387 4258 demum
1399 4205 1455 4260 hoc

303 4283 484 4340 interdictum
502 4285 596 4343 locum
615 4285 729 4355 babere,
742 4283 874 4358 quotiens
893 4284 956 4356 quis
973 4301 1025 4356 pro
1036 4295 1114 4342 certo
1127 4286 1198 4342 liber
1210 4295 1253 4342 est
1266 4304 1272 4340 ε
1292 4297 1417 4341 ceterum
1430 4285 1454 4341 si

303 4377 454 4440 quaeratur
463 4366 500 4423 de
510 4378 661 4439 statuam
671 4379 782 4440 oportet
795 4367 1000 4440 praeiudicium
1013 4368 1072 4426 fieri
1085 4369 1196 4430 alienae
1204 4369 1374 4440 cognitioui’
1388 4369 1455 4440 Dig.

303 4465 346 4520 43·
362 4467 404 4522 29·
417 4465 441 4520 ἃ
456 4464 482 4518 7·

340 4538 363 4591 F
364 4553 397 4592 or
414 4537 463 4592 the
481 4535 650 4608 production
664 4535 697 4592 os
706 4552 729 4598 ‚a
747 4535 864 4598 tibertus
878 4535 938 4596 ‘cui
957 4547 1093 4609 patronus
1112 4553 1214 4608 operas
1233 4535 1357 4593 indicere
1371 4535 1456 4602 velit'
