3274 5152
308 403 372 490 306
512 407 863 466 INSTIYUTIONUM
880 405 1002 461 LIBRI
1019 404 1255 477 QUATTUOR.
1347 403 1412 470 [uis.
1422 407 1457 457 11.

277 579 398 664 espud
413 578 570 642 heredem
590 583 754 640 manente.
798 569 892 636 Nihil
912 579 1024 635 autem
1044 570 1189 646 interest,
1206 580 1317 634 utrum
1338 569 1459 653 aliquis

307 706 351 748 ex
368 697 442 748 asse
461 683 556 746 heres
579 681 750 746 institutus
769 686 828 741 aut
849 686 955 741 totam
977 675 1196 740 hereditatem
1212 686 1271 740 aut
1285 692 1346 758 pro
1361 685 1457 758 perte

307 791 479 853 restituere
505 795 646 869 rogatur,
673 797 716 848 an
742 791 907 864 exparte
935 780 1031 844 heres
1060 781 1229 845 institutus
1260 789 1320 844 aut
1348 790 1457 845 totam

309 913 382 957 eam
398 900 526 974 partem
543 898 600 954 aut
617 887 720 970 partis
739 897 869 970 partem
885 886 1056 948 restituere
1073 895 1226 967 rogatum
1249 905 1327 949 nam
1344 894 1378 948 et
1391 884 1456 950 hoc

309 1016 387 1060 casu
409 995 526 1058 eadem
548 992 713 1056 observari
735 989 963 1072 praecipimus,
981 1009 1067 1071 quae
1088 988 1122 1051 in
1142 990 1244 1053 totius
1262 987 1457 1054 hereditatis

278 1100 517 1166 srestitutione
542 1095 697 1161 diximus.
746 1093 783 1159 Si
812 1095 886 1176 quis
915 1113 981 1156 una
1009 1092 1121 1176 aliqua
1150 1111 1185 1156 re
1214 1093 1359 1158 dolucta
1387 1095 1457 1158 sive

308 1210 494 1285 praecepta,
518 1219 603 1282 quae
628 1207 779 1282 quartam
810 1197 967 1272 continet,
991 1195 1093 1260 veluti
1119 1195 1222 1260 fundo
1247 1196 1300 1260 vel
1329 1196 1396 1262 alia
1421 1217 1458 1261 re

308 1315 444 1389 rogatus
458 1305 502 1369 sit
516 1304 686 1368 restituere
705 1302 935 1378 hereditatem,
951 1300 1050 1364 simili
1071 1302 1171 1365 modo
1187 1319 1231 1364 ex
1246 1301 1457 1366 Trebelliano

309 1417 444 1473 senatus
469 1407 621 1472 consulto
648 1407 811 1470 restitutio
836 1406 905 1480 fiat,
933 1405 1070 1488 perinde
1095 1425 1134 1469 ac
1162 1405 1190 1468 si
1217 1415 1336 1487 quarta
1361 1415 1457 1488 parte

309 1521 436 1576 retenta
461 1521 597 1595 rogatus
626 1520 714 1574 esset
737 1509 897 1592 reliquam
923 1509 1142 1575 hereditatem
1167 1510 1349 1573 restituere.
1395 1509 1456 1573 sed

231 1647 233 1653 ·
309 1615 390 1678 illud
417 1616 562 1693 interest,
587 1614 677 1696 quod
707 1612 812 1678 altero
849 1627 935 1691 casu,
959 1614 993 1677 id
1026 1623 1077 1678 est
1108 1633 1184 1677 cum
1214 1612 1359 1676 deducta
1388 1613 1457 1676 sive

308 1729 486 1802 praecepta
511 1719 620 1800 aliqua
646 1735 681 1780 re
709 1716 892 1781 restituitur
916 1715 1091 1795 hereditas,
1115 1717 1148 1780 in
1175 1715 1318 1780 solidum
1345 1735 1390 1779 ex
1416 1735 1457 1779 eo

309 1833 443 1887 senatus
466 1821 617 1886 consulto
636 1821 782 1884 actiones
808 1819 1046 1884 transferuntur
1068 1830 1102 1885 et
1127 1840 1178 1884 res
1200 1840 1287 1902 quae
1309 1829 1458 1884 remanet

311 1927 400 2010 apud
419 1925 576 1990 heredem
600 1925 671 1988 sine
694 1923 763 1988 ullo
787 1941 886 1988 onere
909 1924 1106 1989 hereditario
1129 1926 1219 2007 apud
1243 1944 1321 1988 eum
1343 1933 1458 1988 manet

309 2032 403 2114 quasi
427 2051 472 2094 ex
501 2029 613 2112 legato
644 2029 674 2092 ei
703 2029 877 2111 adquisita,
900 2028 1005 2094 altero
1026 2049 1105 2094 vero
1135 2049 1222 2106 casu,
1249 2028 1358 2093 idest
1381 2047 1456 2092 cum

308 2147 427 2218 quarta
441 2145 537 2218 parte
555 2143 683 2198 retenta
700 2143 835 2216 rogatus
858 2143 910 2198 est
931 2132 1026 2198 heres
1046 2133 1218 2198 restituere
1237 2132 1456 2197 hereditatem

309 2251 344 2305 et
381 2240 531 2317 restituit,
562 2239 753 2303 scindantur
786 2239 933 2302 actiones
964 2247 999 2303 et
1029 2259 1089 2322 pro
1126 2239 1290 2302 dodrante
1321 2238 1456 2320 quidem

308 2345 544 2408 transferantur
558 2343 601 2406 ad
620 2341 968 2418 fideicommissarium‚
985 2363 1045 2425 pro
1064 2343 1248 2424 quadrante
1266 2353 1458 2407 remaneant

310 2449 400 2529 apud
415 2446 581 2510 heredem.
625 2446 704 2527 quin
724 2447 826 2510 etiam
845 2443 922 2510 licet
942 2447 975 2509 in
996 2461 1061 2509 una
1086 2461 1213 2528 reque
1235 2443 1380 2510 deducta
1399 2455 1457 2510 aut

307 2558 486 2634 praecepta
507 2547 678 2614 restituere
695 2549 813 2632 aliquis
829 2547 1049 2615 hereditatem
1073 2561 1208 2633 rogatus
1231 2559 1290 2625 est,
1310 2551 1457 2614 maxima

307 2676 385 2738 pars
408 2653 602 2719 hereditatis
626 2654 839 2732 contineatur,
859 2675 965 2738 aeque
990 2655 1024 2718 in
1048 2651 1190 2718 solidum
1220 2651 1458 2720 transferuntur

307 2758 456 2823 actiones
471 2769 506 2824 et
520 2777 632 2822 secum
646 2758 827 2823 deliberare
840 2759 943 2824 debet
963 2759 999 2835 is,
1016 2761 1068 2823 cui
1088 2759 1270 2824 restituitur
1283 2759 1458 2836 hereditas,

307 2879 350 2927 an
374 2861 532 2944 expediat
554 2861 616 2924 sibi
638 2861 776 2926 restitui.
831 2864 949 2926 eadem
973 2861 1097 2928 scilicet
1126 2861 1347 2927 interveniunt
1371 2872 1406 2927 et
1430 2860 1457 2926 si
1509 2931 1521 2954 ·
1621 2861 1622 2880 ¹

308 2965 437 3030 duabus
474 2963 662 3048 pluribusve
698 2961 796 3028 rebus
832 2963 983 3031 deductis
1026 2967 1251 3049 praeceptisve
1288 2967 1458 3030 restituere

307 3069 526 3134 hereditatem
556 3077 691 3151 rogatus
720 3067 772 3132 sit.
826 3069 885 3133 sed
920 3081 954 3135 et
983 3071 1010 3134 si
1041 3081 1130 3136 certa
1156 3091 1286 3134 summa
1314 3067 1458 3136 deducta

307 3183 536 3256 praeceptere,
569 3191 656 3254 quae
692 3181 844 3255 quartam
879 3173 932 3237 vel
969 3175 1070 3238 etiam
1108 3174 1291 3237 maximam
1328 3183 1456 3256 partem

308 3277 501 3341 hereditatis
515 3277 672 3352 continet,
689 3285 824 3360 rogatus
844 3277 887 3343 sit
903 3278 1021 3361 aliquis
1041 3275 1260 3343 hereditatem
1276 3279 1456 3352 restituere,

308 3377 396 3446 idem
421 3381 498 3445 iuris
525 3391 584 3447 est.
628 3399 713 3465 quae
737 3381 883 3447 diximus
909 3383 952 3447 de
979 3401 1019 3447 eo
1043 3383 1099 3466 qui
1126 3401 1170 3447 ex
1196 3401 1270 3446 asse
1291 3381 1386 3446 heres
1409 3382 1456 3445 in-

308 3487 444 3552 stitutus
459 3497 517 3566 est,
533 3483 650 3552 eadem
666 3485 892 3552 transierimus
912 3499 946 3553 et
966 3487 1010 3553 ad
1033 3509 1108 3553 eum
1124 3485 1180 3572 qui
1196 3509 1240 3552 ex
1254 3497 1349 3570 parte
1364 3485 1459 3552 heres

308 3590 448 3674 scriptus
464 3601 524 3656 est.

344 3859 402 3944 ts.
420 3874 492 3929 mis
507 3873 531 3928 rs
549 3873 641 3928 caree
660 3871 799 3927 institutio
816 3887 851 3927 ex
869 3887 900 3927 a
918 3881 1004 3929 aaa.
1040 3871 1103 3929 me
1123 3874 1238 3944 geneis
1254 3873 1322 3942 mie,
1335 3873 1460 3929 euersa

309 3968 411 4029 person
422 3973 480 4012 was
492 3956 640 4012 instituted
652 3963 682 4010 to
695 3955 809 4026 speeific
822 3967 956 4027 property
968 3957 1043 4026 only,
1056 3973 1113 4012 was
1126 3967 1156 4012 to
1168 3958 1235 4012 take
1247 3957 1296 4012 the
1308 3955 1458 4011 limitation

309 4057 341 4096 as
361 4054 412 4111 pm
433 4051 491 4095 non
510 4039 633 4110 scripto:
653 4035 694 4093 ‘si
712 4051 749 4094 ex
770 4039 859 4094 fundo
881 4039 980 4096 suisset
1002 4039 1103 4112 aliquis
1122 4040 1199 4095 solus
1218 4039 1370 4106 institutus,
1383 4037 1458 4094 valet

309 4123 447 4179 institutio
469 4119 597 4178 detracta
616 4121 696 4176 tundi
714 4122 874 4178 mentione’
892 4123 959 4193 Dig.
973 4123 1015 4179 28.
1031 4137 1052 4194 5.
1071 4137 1092 4179 1.
1105 4139 1131 4192 4,
1151 4123 1233 4178 ‘lieet
1252 4123 1281 4178 in
1302 4137 1338 4178 eo
1361 4121 1459 4194 [testa-

308 4202 417 4276 mento]
441 4216 579 4261 cenarum
600 4217 694 4260 rerum
713 4207 796 4261 heres
817 4207 938 4278 scriptus
957 4217 1008 4278 est,
1027 4207 1145 4279 perinde
1157 4208 1251 4263 valere
1269 4223 1304 4262 ac
1322 4205 1346 4261 si
1365 4219 1459 4260 rerum

308 4291 416 4346 mentio
428 4290 505 4344 iacta
516 4303 573 4343 non
585 4291 676 4343 esset'
690 4289 756 4360 Dig.
770 4289 811 4358 36.
827 4300 850 4344 r.
864 4305 906 4358 30.
944 4291 977 4358 li,
989 4291 1129 4360 however,
1143 4291 1163 4346 it
1176 4305 1234 4345 was
1246 4291 1324 4346 clear
1336 4289 1397 4344 that
1409 4290 1458 4344 the

308 4381 427 4428 testator
439 4381 535 4427 meant
548 4385 629 4427 some
638 4387 695 4428 one
706 4373 766 4428 else
778 4383 809 4428 to
821 4373 888 4428 take
901 4375 950 4429 the
962 4373 1083 4443 residue,
1096 4375 1144 4429 the
1159 4373 1299 4429 intention
1312 4371 1405 4426 would
1420 4371 1458 4426 be

309 4455 454 4525 executed,
468 4472 500 4510 as
518 4455 547 4510 in
565 4456 615 4512 the
632 4469 699 4512 case
716 4457 751 4512 oi
764 4469 801 4511 an
819 4471 935 4528 express
953 4455 1204 4513 fideicommissum
1214 4457 1313 4526 before
1326 4473 1377 4510 us:
1396 4469 1458 4509 ora

310 4537 561 4596 fideicommissum
569 4540 662 4596 would
671 4540 708 4596 be
718 4540 834 4612 implied
847 4541 875 4596 in
888 4541 987 4597 favour
998 4540 1031 4596 oi
1039 4541 1087 4597 the
1098 4541 1230 4597 intestate
1240 4539 1315 4596 heirs
1326 4537 1404 4610 (Dig.
1414 4551 1458 4608 31.
