3266 5188
282 339 347 422 506
484 347 558 403 INS
561 347 631 402 TIT
634 345 689 402 UT
687 347 833 403 IONUM
850 345 971 401 LIBRI
989 347 1228 419 QUATTUOR.
1317 351 1388 418 [Lib.
1399 355 1455 406 lv.

284 533 380 576 suum
404 511 557 577 dominus
584 507 739 596 consequi
764 533 830 576 non
857 511 971 596 possit,
995 505 1058 596 ipsi
1082 513 1218 579 domino
1242 512 1320 580 iurti
1347 515 1451 579 actio

284 617 452 697 competit,
484 617 561 698 quia
590 615 653 679 hoc
683 635 759 679 casu
791 616 893 696 ipsius
926 616 1063 680 interest
1093 635 1163 681 rem
1194 617 1320 681 salvam
1353 639 1447 682 esse.

285 719 373 782 idem
401 729 451 782 est
477 729 510 782 et
540 721 567 782 si
598 720 630 782 in
657 730 751 801 parte
781 719 939 782 solvendo
964 720 1031 783 sint
1056 719 1138 784 sulio
1165 731 1222 784 aut
1246 722 1448 785 sarcinator.

239 832 272 886 16
287 821 382 903 Quae
406 823 449 886 de
475 821 600 885 fullone
624 832 657 886 et
682 825 881 887 sarcinatore
908 823 1066 898 diximus,
1087 826 1206 888 eadem
1234 826 1335 888 etad
1359 845 1446 889 eum

286 927 337 988 cui
369 927 578 989 commodata
605 947 654 989 res
685 937 735 990 est
765 927 990 991 transferenda
1019 938 1147 992 veteres
1177 929 1445 993 existimabant:

286 1049 363 1090 nam
388 1037 425 1090 ut
452 1029 506 1090 ille
532 1028 613 1092 fullo
640 1033 824 1095 mercedem
851 1031 1043 1112 accipiendo
1068 1033 1253 1096 custodiam
1277 1041 1446 1114 praestat.

286 1133 332 1195 ita
348 1132 375 1194 is
390 1153 530 1214 quoque,
546 1133 601 1215 qui
617 1136 828 1199 commodum
845 1136 959 1198 utendi
975 1133 1124 1218 percipit,
1141 1136 1290 1200 similiter
1302 1157 1446 1200 necesse

286 1235 388 1300 habet
418 1239 602 1300 custodiam
633 1249 810 1320 praestare.
866 1241 925 1302 sed
957 1249 1069 1302 nostra
1099 1241 1306 1322 providentia
1334 1241 1442 1304 etiam

287 1339 349 1404 hoc
371 1343 403 1402 in
419 1341 636 1406 decisionibus
658 1343 776 1406 nostris
793 1344 991 1419 emendavit,
1007 1355 1044 1408 ut
1064 1345 1096 1407 in
1118 1346 1244 1409 domini
1259 1346 1302 1408 sit
1320 1345 1444 1408 volun-

288 1453 369 1520 tate,
392 1445 460 1508 sive
482 1447 683 1510 commodati
706 1449 870 1511 actionem
893 1449 1051 1511 adversus
1075 1469 1150 1511 eum
1173 1450 1229 1531 qui
1254 1469 1322 1512 rem
1346 1469 1442 1512 com-

289 1549 458 1612 modatam
482 1551 607 1633 accepit
631 1572 763 1615 movere
785 1552 963 1627 desiderat,
987 1553 1056 1615 sive
1079 1552 1154 1616 furti
1179 1554 1335 1617 adversus
1361 1575 1441 1616 eum

288 1655 344 1736 qui
372 1675 439 1717 rem
467 1656 636 1737 subripuit,
662 1665 696 1719 et
720 1657 875 1740 alterutra
902 1676 1013 1720 earum
1041 1657 1146 1720 electa
1173 1659 1345 1721 dominum
1371 1679 1440 1720 non

288 1779 385 1840 posse
416 1779 459 1822 ex
486 1759 687 1840 paenitentia
716 1761 759 1822 ad
790 1759 928 1822 alteram
954 1762 1064 1824 venire
1090 1761 1265 1824 actionem.
1320 1762 1380 1824 scd
1411 1762 1440 1824 si

288 1862 421 1944 quidem
439 1861 544 1925 iurem
561 1863 704 1944 elegerit,
720 1862 811 1926 illum
827 1863 883 1946 qui
899 1884 968 1927 rem
984 1865 1143 1928 utendam
1162 1865 1289 1948 accepit
1304 1865 1440 1948 penitus

289 1966 429 2030 liberari.
471 1967 521 2030 sin
551 1977 663 2031 autem
694 1969 923 2032 commodatur
947 1970 1059 2033 veniat
1088 1970 1244 2033 adversus
1275 1989 1351 2033 eum
1381 1969 1439 2051 qui

290 2089 358 2134 rem
389 2072 547 2135 utendam
578 2073 714 2154 accepit,
743 2073 804 2154 ipsi
835 2073 969 2154 quidem
1001 2071 1091 2136 nullo
1122 2074 1223 2136 modo
1250 2081 1440 2155 competere

290 2195 388 2258 posse
417 2176 573 2239 adversus
599 2175 705 2240 iurem
736 2175 813 2239 furti
840 2177 1013 2255 actionem,
1040 2197 1116 2240 eum
1146 2187 1268 2254 autem,
1296 2177 1352 2259 qui
1378 2195 1440 2258 pro

291 2301 326 2343 re
344 2281 554 2344 commodata
575 2282 774 2356 convenitur,
796 2301 893 2362 posse
913 2282 1070 2344 adversus
1090 2281 1196 2346 furem
1216 2281 1294 2345 furti
1317 2281 1441 2344 habere

290 2385 464 2459 actionem,
488 2383 534 2447 ita
557 2392 677 2459 tamen,
699 2384 726 2447 si
750 2383 904 2446 dominus
928 2383 1033 2446 sciens
1056 2404 1126 2446 rem
1152 2404 1224 2447 esse
1246 2383 1440 2465 subreptam

291 2488 446 2551 adversus
473 2509 548 2551 eum
576 2489 626 2553 cui
658 2509 708 2552 res
734 2487 944 2550 commodata
972 2485 1033 2552 suit
1057 2489 1226 2570 pervenit:
1249 2489 1300 2551 sin
1326 2497 1441 2551 autem

292 2592 419 2654 nescius
442 2601 475 2654 et
498 2593 652 2655 dubitans
676 2612 743 2654 rem
766 2611 832 2653 non
855 2612 926 2655 esse
948 2592 1037 2673 apud
1060 2613 1135 2655 eum
1160 2591 1362 2656 commodati
1385 2612 1441 2655 ac·

291 2696 417 2758 tionem
441 2694 591 2772 instituit,
615 2703 731 2776 postea
757 2703 866 2756 autem
894 2715 928 2758 re
952 2706 1122 2777 comperta
1143 2695 1248 2759 voluit
1273 2695 1442 2758 remittere

292 2798 427 2881 quidem
449 2799 651 2862 commodati
673 2798 846 2872 actionem,
866 2801 908 2862 ad
927 2799 1004 2862 surti
1027 2810 1139 2863 autem
1162 2799 1340 2882 pervenire,
1360 2809 1441 2862 tunc

293 2903 423 2966 licentia
439 2902 468 2964 ei
485 2901 684 2965 concedatur
699 2910 732 2964 et
748 2901 902 2964 adversus
917 2902 1022 2966 furem
1038 2905 1147 2966 venire
1163 2902 1253 2966 nullo
1269 2901 1442 2966 obstaculo

293 3005 322 3070 ei
349 3006 556 3088 opponendo,
583 3005 739 3088 quoniam
765 3003 906 3069 incertus
930 3007 1128 3070 constitutus
1154 3007 1259 3070 movit
1284 3007 1442 3070 adversus

293 3130 368 3174 eum
401 3112 457 3193 qui
489 3131 557 3174 rem
588 3111 745 3174 utendam
776 3111 903 3192 accepit
937 3111 1139 3175 commodati
1170 3112 1333 3175 actionem
1364 3107 1441 3194 (nisi

293 3216 429 3279 domino
445 3213 486 3279 ab
505 3236 544 3280 eo
565 3215 769 3280 satisfactum
791 3224 859 3279 estr
883 3223 961 3278 tunc
983 3215 1105 3279 etenim
1126 3215 1319 3278 omnimodo
1335 3213 1441 3276 iurem

292 3339 313 3384 a
329 3320 464 3384 domino
479 3321 613 3404 quidem
629 3319 705 3384 furti
721 3321 852 3385 actione
868 3319 1006 3394 liberari,
1019 3319 1226 3401 suppositum
1242 3327 1354 3382 autem
1371 3337 1442 3380 csse

294 3425 333 3504 ei,
354 3427 410 3507 qui
433 3446 493 3508 pro
516 3448 550 3490 re
574 3425 635 3490 sibi
659 3426 869 3490 commodata
888 3425 1023 3487 domino
1043 3419 1223 3508 satisfecit),
1240 3443 1315 3486 cum
1339 3421 1443 3485 mani-

293 3529 505 3595 festissimum
528 3542 586 3611 est,
603 3533 703 3596 etiam
725 3533 751 3596 si
773 3531 816 3594 ab
837 3530 930 3592 initio
945 3527 1099 3592 dominus
1117 3529 1282 3591 actionem
1302 3527 1443 3591 instituit

294 3636 495 3700 commodati
513 3637 644 3719 ignarus
667 3657 735 3699 rem
757 3655 828 3699 esse
848 3633 1048 3714 subreptam,
1065 3641 1181 3714 postea
1201 3641 1313 3694 autem
1334 3630 1397 3694 hoc
1413 3631 1442 3692 ei

297 3893 336 3947 16.
364 3893 426 3948 The
440 3893 531 3946 words
545 3891 621 3946 idem
635 3900 677 3945 est
691 3899 718 3945 et
732 3890 754 3944 si
769 3931 775 3944 .
790 3929 796 3944 .
810 3929 816 3943 .
832 3887 988 3944 sarcinator
997 3887 1164 3958 apparently
1174 3886 1247 3941 refer
1258 3895 1288 3941 to
1301 3887 1443 3954 solvency,

294 3987 344 4031 not
358 3976 521 4045 insolvency
534 3995 540 4041 ;
559 3993 606 4030 see
619 3975 668 4029 the
681 3975 737 4030 end
750 3973 782 4027 of
792 3971 806 4041 ξ
824 3973 862 4027 16.
894 3974 921 4027 A
934 3973 1009 4026 mala
1022 3971 1077 4026 fide
1090 3987 1237 4040 possessor
1248 3970 1307 4024 had
1319 3987 1357 4024 no
1370 3969 1444 4023 actio

294 4060 368 4130 furti,
382 4062 489 4130 though
509 4061 557 4115 the
570 4069 703 4130 property
716 4075 772 4112 was
788 4067 817 4111 at
836 4056 878 4110 his
891 4055 957 4124 risk,
973 4055 1038 4126 Dig.
1052 4068 1095 4121 47.
1106 4069 1131 4108 2.
1146 4069 1185 4121 14.
1195 4069 1221 4120 4.
1253 4055 1315 4109 The
1328 4051 1444 4108 interest

295 4146 327 4199 oi
342 4146 390 4200 the
403 4143 548 4199 bonafide
561 4157 716 4213 possessor,
731 4140 759 4194 in
772 4140 861 4194 virtue
874 4140 907 4193 oi
921 4138 1012 4194 which
1026 4140 1062 4193 he
1076 4138 1158 4192 could
1172 4155 1230 4205 sue,
1243 4153 1300 4190 was
1314 4136 1358 4190 his
1370 4135 1445 4206 right

296 4241 326 4285 to
339 4231 387 4284 the
400 4229 481 4284 sruits
500 4228 557 4282 and
571 4229 619 4283 the
632 4224 817 4295 interruption
831 4225 864 4279 os
875 4223 1019 4294 usucapio,
1033 4233 1082 4277 not
1095 4222 1139 4276 his
1152 4220 1271 4290 liability
1283 4231 1313 4275 to
1325 4221 1373 4275 the
1386 4221 1445 4274 real

296 4313 436 4382 dominus,
446 4312 537 4366 which
550 4311 670 4366 accrued
683 4311 750 4379 only
759 4309 830 4364 aster
842 4309 889 4364 the
902 4309 985 4363 latter
997 4307 1054 4362 had
1064 4305 1163 4377 joined
1175 4305 1251 4360 issue
1264 4303 1330 4358 with
1343 4303 1402 4358 him
1416 4302 1444 4358 in

296 4413 332 4449 an
346 4397 439 4450 action
453 4406 482 4449 to
495 4395 631 4450 establish
644 4394 688 4448 his
701 4392 868 4463 ownership,
883 4392 947 4462 Dig.
965 4403 986 4461 ς.
1001 4405 1025 4459 3.
1039 4406 1055 4445 2
1059 4403 1082 4460 5.
1095 4402 1119 4457 7.

311 4477 404 4549 .§16.
425 4481 486 4534 The
505 4480 571 4549 only
587 4477 683 4549 jurists
697 4479 759 4532 who
778 4487 808 4533 to
826 4493 877 4531 our
895 4475 1061 4544 knowledge
1080 4471 1228 4529 discussed
1243 4471 1299 4527 this
1315 4467 1443 4541 question
