3286 5144
318 427 382 498 354
517 419 868 477 rwsrrrurrowrnw
884 417 1004 473 urani
1022 417 1257 490 QUATTUOR.
1346 419 1467 486 [mm.

864 649 923 714 IV.

542 828 592 878 ns
615 825 783 879 sannrus
807 823 1241 878 cousunroonmrmwo.

362 978 425 1042 Per
453 977 652 1063 contrarium
677 983 789 1039 autem
819 982 857 1038 ut
886 972 980 1037 liberi
1009 974 1053 1038 ad
1083 974 1170 1038 bona
1197 983 1340 1040 matrum
1366 976 1468 1040 intes-

317 1091 462 1146 tatarum
485 1081 712 1158 admittantur,
731 1085 865 1142 senatus
888 1077 1038 1142 consulto
1054 1078 1217 1144 Orfitiano
1237 1081 1391 1144 effectum
1407 1090 1468 1158 est,

317 1186 407 1267 quod
427 1183 533 1248 latum
556 1192 606 1246 est
630 1181 737 1247 Orfito
759 1189 793 1244 et
822 1179 912 1243 Ruso
934 1180 1133 1258 consulibus,
1158 1183 1226 1246 divi
1251 1183 1356 1248 Marci
1381 1193 1467 1247 tem-

316 1288 460 1369 poribus.
498 1295 532 1351 et
548 1287 627 1350 data
643 1296 694 1350 est
716 1293 786 1348 tam
807 1283 876 1346 filio
897 1303 998 1365 quam
1019 1283 1107 1348 filiae
1128 1283 1276 1368 legitima
1291 1285 1468 1364 hereditas,

318 1391 447 1454 etiamsi
476 1391 585 1454 alieno
614 1389 675 1453 iuri
705 1388 844 1452 subiecti
874 1396 972 1452 sunt:
1006 1397 1040 1452 et
1068 1389 1298 1471 praeferuntur
1327 1399 1361 1454 et
1390 1410 1468 1455 con·

289 1495 506 1578 lsanguineis
529 1504 564 1558 et
587 1493 741 1578 adgnatis
768 1493 944 1556 deiunctae
968 1493 1090 1557 matris.
1137 1492 1205 1558 Sed
1232 1514 1308 1559 cum
1335 1514 1379 1558 ex
1403 1492 1468 1559 hoc

317 1609 453 1664 senatus
467 1598 617 1663 consulto
636 1606 774 1680 nepotes
794 1597 838 1660 ad
860 1596 954 1660 aviae
972 1596 1213 1661 successionem
1233 1597 1382 1680 legitimo
1398 1597 1468 1662 iure

318 1723 384 1766 non
412 1702 623 1778 vocabantur,
657 1708 774 1783 postea
809 1699 873 1763 hoc
908 1700 1200 1764 constitutionibus
1232 1701 1467 1784 principalibus

317 1808 529 1871 emendatum
556 1815 614 1879 est,
638 1815 675 1869 ut
701 1805 744 1868 ad
767 1803 1016 1868 similitudinem
1040 1803 1181 1868 filiorum
1205 1804 1411 1888 filiarumque
1434 1815 1468 1870 et

288 1919 456 1992 2nepotes
472 1919 506 1972 et
524 1917 641 1991 neptes
655 1917 821 1970 vocentur.
868 1905 1047 1971 Sciendum
1069 1916 1181 1971 autem
1205 1917 1256 1972 est
1278 1907 1468 1973 huiusmodi

317 2013 547 2086 successiones,
563 2031 649 2094 quae
660 2032 682 2074 a
692 2009 900 2074 Tertulliano
915 2019 949 2074 et
966 2009 1130 2075 Orfitiano
1140 2010 1338 2090 deseruntur,
1350 2013 1468 2094 capitis

317 2118 542 2182 deminutione
568 2136 634 2180 non
660 2115 783 2198 peremi
809 2123 945 2198 propter
967 2115 1058 2178 illam
1085 2115 1242 2197 regulam,
1270 2137 1336 2198 qua
1362 2137 1469 2180 novae

316 2220 517 2285 hereditates
543 2219 711 2302 legitimae
741 2218 858 2301 capitis
884 2218 1111 2282 deminutione
1141 2239 1207 2283 non
1234 2229 1381 2302 pereunt,
1408 2221 1467 2285 sed

317 2323 394 2390 illae
424 2324 514 2390 solae
543 2344 628 2407 quae
663 2343 707 2386 ex
737 2323 812 2406 lege
841 2311 1018 2387 duodecim
1048 2321 1236 2387 tabularum
1266 2323 1467 2389 deseruntur.

317 2427 506 2493 Novissime
542 2427 712 2492 sciendum
751 2435 802 2492 est
843 2427 944 2490 etiam
987 2424 1061 2490 illos
1101 2425 1230 2500 liberos,
1272 2428 1329 2510 qui
1366 2427 1468 2512 vulgo

289 2534 459 2614 aquaesiti
482 2541 567 2609 sunt,
586 2531 629 2595 ad
651 2532 764 2596 matris
782 2531 1001 2596 hereditatem
1017 2551 1060 2594 ex
1081 2529 1144 2595 hoc
1162 2539 1297 2596 senatus
1315 2531 1467 2596 consulto

316 2636 459 2700 admitti.

288 2755 306 2810 4
361 2737 398 2803 Si
425 2759 469 2802 ex
492 2736 640 2830 pluribus
669 2737 824 2821 legitimis
849 2737 1026 2804 heredibus
1049 2739 1187 2821 quidam
1214 2738 1385 2802 omiserint
1408 2737 1468 2802 he·

352 2954 400 3022 il.
414 2954 476 3009 The
489 2962 666 3008 enactments
676 2952 799 3008 referred
812 2965 841 3008 to
851 2971 899 3010 are
909 2955 991 3009 those
1001 2954 1116 3024 already
1126 2953 1201 3010 cited
1214 2955 1271 3010 and
1281 2953 1469 3010 summarised

316 3053 354 3092 on
367 3037 423 3093 Tit.
439 3053 461 3092 1.
478 3050 508 3106 15
522 3054 596 3106 supr.

353 3119 367 3192 ξ
382 3123 410 3177 2.
428 3120 569 3191 justinian
583 3119 607 3176 is
619 3121 686 3176 here
699 3119 838 3190 speaking
852 3120 885 3175 os
895 3119 995 3192 capitis
1011 3121 1168 3177 deminutio
1184 3121 1303 3178 minima
1315 3122 1381 3191 only
1394 3141 1402 3188 ς
1419 3123 1469 3176 the

316 3203 415 3259 child's
428 3203 502 3274 right
515 3213 545 3259 to
557 3204 679 3259 succeed
691 3221 748 3258 was
760 3203 851 3259 based
863 3220 900 3258 on
913 3207 1024 3260 natural
1041 3205 1201 3276 cognation,
1215 3206 1273 3260 and
1285 3205 1313 3260 in
1328 3205 1379 3260 Blc
1394 3203 1410 3260 i.
1428 3205 1467 3260 rb

316 3288 422 3359 6supr.
434 3289 471 3344 he
487 3305 554 3359 says
567 3287 661 3360 ‘quod
679 3297 775 3342 autem
788 3287 895 3342 dictum
908 3298 952 3344 est
969 3305 1085 3344 manere
1103 3288 1281 3359 cognationis
1298 3289 1342 3343 ius
1357 3299 1386 3344 et
1403 3297 1468 3359 post

317 3371 418 3442 capitis
437 3371 669 3441 deminutionem,
690 3372 746 3426 hoc
767 3371 807 3426 ita
829 3382 880 3442 est,
901 3371 924 3427 si
944 3372 1063 3427 minima
1084 3372 1185 3443 capitis
1206 3371 1363 3428 deminutio
1383 3371 1468 3426 inter·

316 3455 428 3526 veniat,'
446 3457 503 3511 and
520 3455 550 3511 in
567 3457 616 3512 the
636 3455 738 3526 Digest
757 3453 811 3524 (38.
829 3470 868 3523 17.
885 3471 906 3511 r.
920 3455 948 3526 8)
969 3455 1084 3527 Ulpian,
1104 3456 1242 3527 speaking
1257 3457 1290 3511 of
1304 3455 1468 3510 succession

316 3539 407 3594 under
418 3539 474 3595 this
494 3539 558 3609 SC,
571 3555 637 3610 says
650 3538 727 3594 ‘sive
746 3538 809 3610 quis
828 3549 894 3594 ante
913 3539 1038 3595 delatam
1056 3539 1149 3610 capite
1167 3537 1310 3609 minuitur,
1324 3539 1361 3594 ad
1378 3539 1469 3608 legiti-

316 3639 394 3678 mam
411 3622 598 3680 hereditatem
617 3621 789 3692 admittetur,
803 3622 857 3676 nisi
876 3639 982 3692 magna
1000 3621 1102 3692 capitis
1116 3622 1273 3678 deminutio
1291 3621 1469 3691 interveniat,

315 3722 389 3776 quae
407 3707 452 3761 vel
470 3705 614 3761 civitatem
632 3705 741 3774 adimit,
754 3715 784 3760 ut
802 3716 879 3774 puta,
898 3705 921 3759 si
941 3705 1121 3774 deportetur!
1157 3707 1220 3761 The
1234 3705 1298 3760 ‘illa
1316 3705 1427 3774 regula’
1444 3703 1468 3760 is

315 3791 411 3844 rather
428 3799 476 3843 too
495 3788 596 3858 widely
614 3788 716 3857 stated,
734 3805 767 3843 as
785 3788 865 3842 there
884 3804 955 3842 were
974 3805 1054 3844 some
1073 3806 1153 3844 cases
1172 3787 1202 3844 in
1220 3788 1311 3844 which
1328 3790 1469 3844 bonorum

316 3870 461 3942 possessio
473 3871 549 3927 unde
561 3870 641 3925 liberi
654 3887 712 3925 was
724 3871 779 3925 lost
791 3870 830 3940 by
842 3869 943 3941 capitis
958 3870 1122 3941 deminutio,
1138 3871 1202 3940 Dig.
1217 3873 1259 3942 38.
1272 3872 1298 3927 6.
1311 3887 1337 3941 9.

354 3951 410 4023 §³-
431 3953 472 4007 Ci.
487 3952 541 4007 Tit
556 3967 579 4020 y
594 3966 609 4020 7
624 3969 698 4024 supr.
712 3954 770 4009 and
789 3953 896 4010 eodo.
911 3967 950 4023 57.
969 3967 982 4023 5
997 3953 1159 4024 (Justinian)
1180 3956 1338 4011 ‘sancimus
1358 3993 1365 4009 .
1386 3997 1393 4011 .
1413 3997 1420 4010 .
1439 3965 1469 4010 ut

316 4053 409 4106 neque
421 4053 456 4090 ex
468 4045 647 4105 testamento,
659 4053 752 4108 neque
765 4037 801 4090 ab
815 4037 957 4106 intestato,
971 4055 1063 4108 neque
1076 4057 1110 4094 ex
1123 4039 1290 4095 liberalitate
1303 4038 1469 4094 interrivos

316 4119 423 4190 habita,
445 4117 526 4174 iustis
550 4118 645 4175 liberis
670 4120 864 4189 existentibus,
886 4121 993 4191 aliquid
1018 4123 1055 4176 ab
1083 4122 1237 4178 illustribus
1265 4122 1402 4177 matribus
1432 4121 1470 4176 ad

316 4203 427 4275 spurios
440 4201 594 4274 perveniat.
632 4202 682 4258 Sin
701 4213 797 4259 autem
815 4203 975 4259 concubina
993 4204 1098 4262 liberae
1118 4205 1293 4261 condicionis
1315 4205 1470 4260 constituta

317 4286 405 4342 hlium
423 4287 468 4342 wel
487 4285 583 4355 filiam,
601 4303 636 4341 ex
654 4285 731 4342 licita
752 4287 957 4342 consuetudine
976 4288 1013 4342 ab
1032 4287 1148 4344 homine
1167 4289 1256 4345 libero
1278 4289 1385 4356 habita,
1404 4304 1468 4359 pro-

316 4369 461 4439 creaverit,
479 4385 529 4424 eos
548 4369 634 4424 etiarn
652 4387 717 4426 cum
735 4368 868 4440 legitimis
886 4369 982 4426 liberis
1004 4371 1042 4426 ad
1060 4382 1189 4428 materna
1207 4371 1303 4430 venire
1328 4373 1467 4427 bona...

316 4453 393 4508 nulla
406 4451 545 4507 dubitatio
558 4453 618 4508 est?

354 4533 368 4605 ξ
381 4538 410 4590 4.
430 4535 492 4590 The
504 4535 557 4590 law
570 4535 602 4590 os
610 4537 722 4591 accrual
735 4553 840 4606 among
849 4535 922 4608 joint
935 4537 1010 4593 heirs
1024 4537 1060 4593 ab
1074 4535 1208 4594 intestato
1221 4537 1339 4594 differed
1352 4535 1468 4592 accord·
