3268 5142
286 448 350 516 602
487 458 562 513 INS
565 458 636 513 TIT
640 458 694 513 UT
693 457 839 514 IONUM
856 457 976 512 LIBRI
994 457 1230 528 QUATTUOR.
1316 457 1378 525 [Lib.
1391 463 1434 515 Ν.

256 637 273 693 3
330 625 490 692 Omnium
508 634 620 691 autem
639 625 807 691 actionum
827 625 1103 689 instituendarum
1120 623 1316 707 principium
1334 625 1378 688 ab
1394 645 1435 688 ea

285 739 381 812 parte
396 729 496 796 edicti
512 729 734 813 proficiscitur,
750 749 815 813 qua
830 739 963 813 praetor
978 729 1077 794 edicit
1092 729 1135 792 de
1149 728 1182 791 in
1198 727 1248 792 ius
1262 729 1433 793 vocando:

285 835 398 916 utique
413 835 501 899 enirn
517 836 550 898 in
565 835 680 918 primis
694 833 899 898 adversarius
914 833 947 896 in
963 831 1013 896 ius
1023 833 1191 896 vocandus
1206 841 1264 910 est,
1276 831 1309 895 id
1326 841 1377 896 est
1388 830 1433 894 ad

284 957 360 1000 eum
375 939 544 1003 vocandus
560 949 618 1014 est,
636 938 692 1020 qui
714 938 763 1002 ius
778 937 924 1001 dicturus
942 936 994 1001 sit.
1038 956 1104 1019 qua
1119 945 1212 1018 parte
1226 945 1359 1018 praetor
1373 955 1433 1017 pa·

284 1041 431 1105 rentibus
446 1051 480 1106 et
495 1043 648 1124 patronis,
664 1042 744 1104 item
764 1041 875 1105 liberis
895 1039 1151 1124 parentibusque
1170 1049 1382 1122 patronorum
1399 1047 1434 1102 et

284 1153 497 1225 patronarum
512 1144 599 1208 hunc
614 1154 760 1227 praestat
775 1143 943 1220 honorem,
961 1153 998 1207 ut
1014 1163 1080 1206 non
1099 1143 1195 1208 aliter
1209 1143 1307 1206 liceat
1322 1141 1434 1204 liberis

283 1245 475 1330 libertisque
491 1268 548 1311 eos
563 1249 595 1311 in
612 1247 662 1311 ius
672 1267 797 1322 vocare,
810 1267 910 1330 quam
926 1247 953 1310 si
968 1248 1001 1312 id
1014 1247 1057 1310 ab
1073 1247 1145 1329 ipso
1156 1255 1307 1330 praetore
1318 1255 1432 1328 postu-

285 1349 424 1415 laverint
446 1360 480 1416 et
502 1353 766 1435 impetraverint:
791 1363 825 1416 et
847 1353 874 1415 si
897 1351 971 1433 quis
991 1350 1086 1414 aliter
1103 1350 1279 1425 vocaverit,
1300 1348 1334 1411 in
1354 1367 1432 1412 eum

284 1473 428 1536 poenam
443 1454 622 1520 solidorum
638 1455 877 1539 quinquaginta
893 1454 1073 1519 constituit.

797 1679 911 1744 XVII.

664 1857 715 1908 DE
738 1855 886 1907 OFFICIO
909 1853 1058 1906 IUDICIS.

328 2004 494 2090 Superest,
518 2015 555 2071 ut
577 2007 620 2071 de
642 2007 749 2070 officio
772 2005 888 2070 iudicis
910 2006 1132 2089 dispiciamus.
1177 2015 1211 2072 et
1237 2006 1372 2090 quidem
1399 2005 1433 2069 in

282 2110 398 2192 primis
421 2110 502 2174 illud
527 2111 701 2175 observare
727 2109 828 2176 debet
855 2110 966 2185 iudex,
992 2130 1034 2173 ne
1057 2110 1153 2174 aliter
1175 2111 1308 2186 iudicet,
1332 2129 1433 2193 quam

256 2212 412 2296 llegibus
435 2223 492 2278 aut
516 2213 807 2278 constitutionibus
831 2223 890 2276 aut
915 2213 1060 2278 moribus
1086 2215 1253 2297 proditum
1281 2224 1339 2278 est.
1387 2213 1433 2276 Et

283 2317 358 2380 ideo
385 2318 412 2380 si
440 2317 554 2381 noxali
581 2317 701 2382 iudicio
730 2318 882 2382 addictus
912 2327 972 2396 est,
996 2317 1170 2382 observare
1196 2317 1305 2394 debet,
1332 2327 1378 2392 ut,
1406 2317 1433 2379 si

283 2421 555 2485 condemnandus
580 2421 746 2485 videbitur
774 2421 937 2499 dominus,
967 2422 1014 2485 ita
1044 2421 1165 2485 debeat
1194 2421 1433 2486 condemnare:

283 2523 454 2588 ‘Publium
478 2524 645 2588 Maevium
669 2525 774 2588 Lucio
793 2523 884 2588 Titio
902 2525 1018 2589 decem
1039 2525 1147 2588 aureis
1168 2523 1354 2588 condemno
1376 2531 1433 2586 aut

253 2637 407 2692 2noxam
423 2625 564 2692 dedere.’
610 2628 655 2693 Et
672 2630 698 2693 si
715 2629 747 2691 in
764 2649 833 2692 rem
850 2637 961 2693 actum
976 2629 1028 2708 sit,
1043 2628 1112 2693 sive
1127 2639 1242 2693 contra
1258 2628 1433 2711 petitorem

283 2926 308 2981 2,
323 2911 394 2967 ‘hoc
412 2913 509 2969 edicto
527 2915 708 2972 continentur
720 2917 805 2972 etiam
825 2935 933 2986 onmes,
946 2917 993 2990 qui
1006 2918 1100 2974 edicto
1116 2917 1254 2991 praetoris
1270 2927 1301 2974 ut
1314 2917 1434 2973 infames

281 3005 433 3051 notantur:
453 2997 501 3068 qui
518 3015 619 3054 omnes
634 2999 688 3055 nisi
707 3018 759 3072 pro
776 3019 807 3056 se
825 3011 854 3056 et
873 3002 956 3057 certis
975 3003 1103 3073 personis
1122 3021 1158 3059 ne
1175 3004 1333 3074 postulent'
1345 3003 1381 3058 ib.
1396 3001 1434 3070 8),

282 3078 340 3134 and
353 3080 414 3134 also
427 3097 485 3135 was
498 3091 528 3136 tu
540 3099 558 3136 a
570 3083 647 3153 large
660 3093 755 3140 extent
769 3084 918 3155 incapable
931 3085 964 3140 of
976 3086 1062 3156 being
1074 3086 1257 3156 represented
1270 3085 1386 3140 himself
1396 3085 1435 3154 by

282 3179 319 3217 an
330 3173 416 3232 agent
429 3162 458 3218 in
467 3165 540 3234 legal
550 3182 674 3236 process,
685 3167 740 3223 Tit.
753 3182 791 3236 13.
806 3183 834 3222 11
847 3169 904 3224 and
914 3178 996 3224 notes
1004 3185 1078 3240 supr.
1091 3187 1098 3238 3
1117 3169 1213 3240 finally
1223 3168 1329 3224 certain
1339 3167 1434 3224 matri-

282 3245 389 3301 monial
403 3246 572 3305 disabilities
585 3267 657 3306 were
671 3251 800 3322 imposed
816 3269 853 3306 on
870 3251 930 3307 him
942 3253 982 3322 by
994 3255 1043 3308 the
1059 3255 1104 3308 lex
1122 3253 1193 3308 lulia
1210 3254 1246 3308 de
1259 3251 1434 3322 maritandis,

283 3327 399 3400 Ulpian,
419 3347 477 3402 reg.
494 3347 533 3402 13.
550 3347 572 3388 1.
585 3347 610 3389 2.
657 3335 758 3390 Under
773 3335 924 3406 Justinian,
941 3337 1080 3407 however,
1099 3347 1174 3392 most
1192 3338 1224 3391 of
1238 3337 1319 3392 these
1336 3351 1434 3391 conse·

282 3429 407 3484 quences
422 3433 495 3471 vere
508 3416 682 3488 inoperative
695 3437 727 3473 or
739 3418 875 3476 obsolete.

317 3497 374 3553 For
384 3499 433 3553 the
442 3499 578 3572 meaning
587 3502 619 3556 of
625 3501 700 3558 actio
713 3501 821 3558 directa
834 3502 863 3557 in
876 3501 933 3558 this
946 3502 1114 3558 connection
1125 3519 1173 3558 see
1181 3520 1209 3572 p.
1219 3502 1270 3572 383
1279 3519 1354 3573 supr.
1365 3521 1373 3568 ;
1391 3501 1435 3556 for

281 3579 389 3650 ‘pacti’
411 3582 446 3636 cf.
460 3582 526 3653 Dig.
541 3599 564 3652 3.
580 3599 605 3641 2.
618 3585 642 3640 6.
657 3600 673 3655 3
686 3586 744 3640 and
763 3601 780 3653 4
800 3586 933 3656 ‘pactum
957 3585 998 3640 sic
1023 3585 1186 3656 accipimus,
1208 3585 1231 3640 si
1254 3601 1319 3640 cum
1344 3583 1434 3654 pretio

280 3674 501 3736 quantocunque
526 3677 627 3736 pactus
654 3669 715 3738 est,’
735 3669 950 3724 Cod.2.12.18
969 3668 1081 3724 ‘verum
1109 3679 1208 3739 pactos
1234 3685 1284 3723 eos
1310 3668 1434 3735 demum,

280 3746 328 3816 qui
348 3749 420 3802 ullos
438 3749 608 3805 adversariis
627 3769 759 3807 nummos
778 3769 830 3822 pro
846 3754 923 3808 mala
942 3752 1118 3808 conscientia
1134 3770 1168 3807 ex
1180 3751 1371 3808 transactione
1384 3767 1435 3806 nu·

281 3841 448 3899 merassent,
462 3830 490 3886 in
504 3833 558 3886 hac
571 3850 658 3888 causa
670 3835 776 3904 placuit
790 3835 932 3906 intellegi!
969 3837 1031 3891 The
1044 3834 1257 3906 compounding
1274 3834 1306 3888 of
1319 3851 1337 3890 a
1349 3833 1434 3890 delict

280 3912 324 3966 for
337 3929 441 3983 money
453 3913 477 3968 is
491 3932 523 3970 as
535 3915 594 3970 bad
606 3933 638 3971 as
651 3917 737 3987 being
750 3919 838 3974 found
851 3919 940 3989 guilty
951 3919 984 3974 ol
993 3919 1098 3990 having
1110 3918 1277 3974 committed
1289 3917 1318 3973 it.

317 3993 331 4065 ξ
345 3999 374 4052 3.
394 3998 451 4052 For
463 3998 512 4053 the
525 3999 597 4054 form
610 4001 643 4053 of
656 4017 803 4056 summons
816 4003 907 4058 under
922 4003 1063 4072 Justinian
1081 4021 1129 4058 see
1144 4020 1181 4057 on
1195 4001 1251 4057 Tit.
1263 4001 1289 4056 6.
1303 4015 1337 4068 24
1350 4017 1434 4070 supr,

281 4079 339 4134 and
351 4079 394 4134 for
406 4081 455 4136 the
468 4100 615 4139 summons
633 4085 666 4140 of
679 4095 795 4156 parents
813 4087 872 4141 and
890 4097 1008 4158 patrous
1025 4087 1142 4144 without
1160 4089 1208 4143 the
1225 4088 1360 4158 praetor’s
1373 4101 1435 4157 per·

281 4161 398 4218 mission
412 4165 447 4220 cf.
462 4166 552 4221 Gaius
566 4166 600 4222 iv.
614 4168 658 4236 46.

316 4248 375 4302 uit
389 4251 495 4304 xm
509 4253 533 4305 1.
555 4251 612 4305 For
630 4252 713 4306 noxal
733 4251 843 4307 actions
863 4269 910 4308 see
929 4253 984 4309 Tit.
1001 4254 1017 4308 8
1035 4271 1111 4324 supr.
1124 4255 1182 4310 and
1197 4264 1298 4308 notes:
1318 4253 1351 4308 cf.
1367 4251 1434 4322 Dig.

281 4331 428 4395 42.1.6.1
452 4333 569 4388 ‘decern
594 4345 642 4390 aut
666 4352 757 4391 noxae
781 4335 885 4392 dedere
910 4337 1116 4393 condemnatus
1142 4337 1257 4392 iudicati
1283 4337 1434 4392 indecem

282 4421 402 4482 tenetur,
415 4414 579 4472 facultatem
593 4429 689 4473 autem
702 4435 793 4474 noxae
806 4419 929 4476 dedendi
942 4438 976 4476 ex
991 4422 1053 4490 lege
1066 4421 1188 4492 accipit:
1207 4431 1236 4476 at
1250 4419 1334 4492 isqui
1348 4419 1435 4490 stipu-

285 4495 360 4550 latus
373 4507 416 4553 est
430 4497 530 4553 decem
543 4511 591 4557 aut
605 4519 695 4556 noxae
709 4503 813 4558 dedere
826 4521 883 4558 non
896 4514 989 4574 potest
1003 4503 1103 4559 decem
1115 4505 1229 4574 petere!

323 4577 336 4649 i
352 4582 381 4634 2.
399 4583 425 4634 A
436 4581 590 4639 defendant
600 4585 693 4640 would
703 4585 738 4642 be
748 4587 866 4643 entitled
876 4599 905 4644 to
915 4588 983 4644 time
993 4588 1212 4644 forarestitutio
1229 4589 1291 4644 that
1302 4585 1325 4642 is
1335 4597 1365 4642 to
1375 4602 1434 4656 say,
