3310 5218
263 465 326 528 214
466 452 818 510 INSTITUTIONUM
836 452 955 506 LIBRI
975 450 1212 523 QUATTUOR.
1308 450 1414 517 [Liuii.

264 628 389 683 etcum
413 638 517 682 uxore
539 638 599 682 sua
621 615 798 699 liberisque
821 615 896 694 suis,
916 615 996 679 item
1019 613 1145 679 libertis
1168 634 1228 678 nec
1252 633 1318 677 non
1341 612 1414 676 aliis

263 721 372 785 liberis
394 723 553 804 personis,
575 721 694 804 quibus
717 740 784 783 non
807 721 916 782 minus
939 739 1038 801 quam
1062 719 1163 782 servis
1186 719 1297 792 utitur,
1320 717 1413 780 habi-

263 826 358 889 tandi
376 827 426 889 ius
441 825 582 890 habeat:
606 833 640 889 et
652 825 885 888 convenienter
899 824 926 886 si
942 823 985 886 ad
1000 821 1169 886 mulierem
1187 842 1265 884 usus
1281 823 1413 885 aedium

233 940 250 993 3
264 931 438 1012 pertineat,
455 950 529 993 cum
548 930 666 992 marito
681 929 831 991 habitare
847 928 954 992 liceat.
1001 927 1088 991 Item
1104 929 1140 1002 is,
1154 928 1197 990 ad
1214 946 1313 1009 quem
1330 926 1414 988 servi

264 1053 343 1096 usus
369 1034 521 1115 pertinet,
549 1034 620 1114 ipse
645 1041 777 1096 tantum
801 1033 910 1114 operis
936 1040 1037 1113 atque
1061 1031 1242 1094 ministerio
1269 1031 1339 1092 eius
1366 1030 1414 1093 uti

264 1145 396 1219 potest:
420 1137 462 1200 ad
478 1135 578 1199 alium
594 1156 672 1199 vero
689 1136 779 1198 nullo
796 1136 896 1198 modo
912 1135 962 1198 ius
978 1155 1073 1198 suum
1096 1133 1269 1198 transferre
1288 1135 1318 1196 ei
1336 1153 1414 1196 con·

234 1254 395 1307 acessum
419 1247 479 1304 est.
514 1240 602 1303 idem
633 1239 758 1302 scilicet
783 1239 861 1302 iuris
885 1249 937 1302 est
964 1247 997 1302 et
1021 1241 1055 1301 in
1082 1239 1238 1301 iumento.
1293 1235 1362 1300 Sed
1387 1237 1414 1298 si

264 1345 391 1427 pecoris
405 1343 458 1406 vel
474 1344 585 1407 ovium
607 1363 685 1406 usus
700 1341 830 1424 legatus
845 1340 950 1420 suerit,
966 1362 1075 1424 neque
1095 1342 1182 1405 lacte
1198 1361 1305 1424 neque
1320 1341 1415 1422 agnis

265 1468 374 1530 neque
396 1448 471 1511 lana
493 1455 604 1510 utetur
625 1447 782 1524 usuarius,
797 1447 874 1528 quia
893 1466 932 1509 ea
953 1447 986 1508 in
1007 1446 1114 1510 fructu
1135 1455 1221 1510 sunt.
1252 1445 1350 1528 plane
1370 1445 1414 1508 ad

265 1551 512 1616 stercorandum
528 1570 643 1633 agrum
660 1571 756 1612 suum
773 1549 946 1632 pecoribus
962 1550 1010 1613 uti
1026 1559 1145 1631 potest.

235 1665 252 1718 5
311 1651 379 1719 Sed
403 1655 498 1718 sicui
520 1653 683 1717 habitatio
703 1653 814 1734 legata
830 1653 898 1717 sive
914 1653 1026 1736 aliquo
1049 1653 1150 1717 modo
1166 1654 1346 1718 constituta
1362 1654 1414 1728 sit,

265 1781 372 1842 neque
399 1779 477 1822 usus
499 1757 629 1822 videtur
651 1778 759 1840 neque
783 1777 861 1820 usus
883 1755 1016 1835 fructus,
1042 1757 1100 1821 sed
1126 1758 1219 1840 quasi
1246 1759 1414 1840 proprium

264 1863 396 1946 aliquod
424 1863 484 1926 ius.
536 1883 637 1944 quam
661 1861 901 1924 habitationem
925 1859 1124 1925 habentibus
1150 1871 1285 1944 propter
1306 1883 1414 1925 rerum

265 1967 442 2032 utilitatem
472 1968 654 2030 secundum
691 1963 838 2028 Marcelli
875 1967 1076 2029 sententiam
1107 1975 1218 2029 nostra
1248 1966 1414 2029 decisione

265 2069 475 2154 promulgata
501 2071 709 2153 permisimus
734 2088 800 2132 non
824 2067 931 2138 solum
955 2069 988 2132 in
1012 2090 1051 2134 ea
1074 2069 1202 2152 degere,
1229 2070 1288 2133 sed
1313 2071 1414 2134 etiam

265 2175 337 2240 aliis
353 2175 469 2240 locare.

234 2286 252 2341 o
310 2279 405 2342 Haec
429 2279 472 2340 de
497 2276 708 2341 servitutibus
735 2284 768 2340 et
795 2296 855 2338 usu
879 2273 986 2341 fructu
1010 2285 1044 2340 et
1069 2297 1129 2339 usu
1154 2286 1188 2342 et
1209 2276 1415 2342 habitatione

264 2383 389 2446 dixisse
405 2381 554 2444 sufficiat.
580 2381 623 2443 de
638 2379 822 2443 hereditate
838 2389 950 2443 autem
966 2390 1001 2444 et
1016 2381 1059 2444 de
1074 2380 1332 2462 obligationibus
1347 2383 1414 2444 suis

263 2485 344 2550 locis
360 2503 592 2567 proponamus.
624 2483 840 2566 exposuimus
863 2485 1064 2564 summatim,
1081 2486 1201 2567 quibus
1223 2485 1330 2548 modis
1346 2485 1414 2549 iure

263 2589 413 2672 gentium
430 2607 480 2652 res
496 2588 732 2670 adquiruntur:
757 2588 858 2650 modo
877 2589 1057 2664 videamus,
1074 2589 1194 2672 quibus
1210 2590 1317 2653 modis
1333 2589 1414 2672 legi·

263 2693 346 2756 timo
363 2701 396 2755 et
411 2691 495 2754 civili
512 2692 580 2754 iure
595 2691 822 2773 adquiruntur.

263 2896 296 2950 of
317 2913 335 2950 a
359 2897 447 2951 house
470 2912 526 2950 was
551 2895 634 2966 given
657 2895 748 2965 might
770 2906 820 2950 not
841 2895 896 2952 live
919 2895 947 2950 in
970 2896 990 2952 it
1011 2897 1077 2953 with
1100 2899 1159 2968 her,
1181 2899 1249 2968 Dig.
1263 2913 1286 2966 7.
1301 2901 1324 2954 8.
1339 2915 1363 2967 4.
1382 2915 1413 2955 1:

264 2980 389 3034 whether
401 2980 449 3034 the
463 2980 587 3048 usuary's
600 2977 691 3033 liberti
711 2977 801 3048 might
814 2979 850 3033 be
863 2980 973 3034 housed
986 2997 1042 3036 was
1061 2999 1079 3036 a
1098 2982 1228 3052 question
1242 2993 1271 3036 to
1284 2984 1332 3038 the
1345 2983 1413 3038 time

264 3063 298 3116 ol
316 3063 424 3131 Celsus,
447 3061 513 3132 Dig.
531 3061 569 3117 ib.
587 3077 612 3118 2.
635 3077 657 3117 t.
687 3061 766 3116 With
793 3061 872 3117 ‘aliis
897 3063 999 3133 quibus
1024 3082 1081 3119 non
1106 3065 1199 3120 minus
1219 3083 1304 3136 quam
1325 3066 1413 3120 servis

264 3145 366 3201 utitur’
384 3146 419 3202 cl.
433 3145 499 3216 Dig.
510 3157 535 3212 7.
545 3146 569 3201 8.
579 3161 604 3212 4.
614 3162 656 3216 pr.
670 3145 757 3216 ‘quos
770 3146 834 3201 loco
847 3163 991 3202 servorum
1006 3147 1034 3202 in
1047 3148 1141 3218 operis
1151 3148 1245 3218 habet,
1255 3147 1319 3204 licet
1333 3149 1413 3204 liberi

264 3229 337 3285 sint.'

301 3311 359 3384 §4
379 3313 442 3368 'ibe
461 3311 503 3367 ius
521 3312 695 3368 stercorandi
715 3330 808 3369 seems
821 3323 851 3369 to
864 3313 1036 3385 correspond
1048 3323 1078 3369 to
1091 3314 1139 3369 the
1156 3331 1223 3368 usus
1242 3313 1413 3369 cottidianus

264 3396 297 3451 ol
307 3394 321 3466 ξ
339 3411 349 3450 t
365 3413 439 3466 supr.

301 3477 315 3549 §
330 3483 357 3534 5.
379 3480 405 3533 It
419 3495 476 3534 was
489 3495 507 3533 a
519 3478 649 3550 question
662 3497 768 3552 among
780 3481 828 3538 the
838 3481 935 3553 jurists
949 3483 1074 3538 whether
1086 3479 1225 3536 habitatio
1238 3481 1295 3536 and
1310 3499 1413 3552 operae

264 3579 409 3618 servorum
427 3561 487 3617 sive
505 3561 669 3618 animalium
684 3582 756 3620 were
774 3565 889 3621 distinct
908 3565 998 3636 rights
1016 3567 1089 3620 from
1107 3583 1175 3620 usus
1194 3565 1251 3620 and
1270 3565 1412 3621 usufruct:

264 3645 366 3718 ‘operis
375 3644 447 3701 servi
456 3644 557 3716 legatis
566 3663 647 3700 usum
656 3647 753 3702 datum
763 3647 886 3718 intellegi
895 3659 923 3704 et
931 3665 985 3719 ego
993 3648 1079 3703 didici
1089 3659 1116 3704 et
1128 3649 1253 3704 lulianus
1261 3649 1415 3706 existimat'

265 3731 399 3786 Clemens
418 3728 447 3783 in
467 3728 533 3798 Dig.
546 3741 569 3795 7.
585 3742 609 3796 7.
625 3741 638 3799 5
653 3747 660 3798 ;
679 3730 722 3785 ior
734 3732 782 3786 the
794 3730 925 3787 different
938 3732 1022 3787 views
1040 3731 1201 3802 respecting
1213 3732 1352 3788 habitatio
1365 3751 1413 3790 see

265 3813 373 3884 Ulpian
387 3812 415 3867 in
429 3811 496 3883 Dig.
514 3825 539 3880 7.
554 3813 577 3867 8.
596 3827 635 3882 10,
651 3813 708 3868 and
723 3815 791 3870 Cod
804 3829 846 3883 33.
858 3829 881 3884 3.
897 3829 935 3884 13.
983 3814 1095 3884 Finally
1109 3815 1158 3870 the
1177 3815 1341 3871 distinction
1357 3835 1414 3873 was

265 3897 425 3964 admitted;
446 3896 494 3952 the
511 3895 606 3968 points
623 3897 655 3950 oi
670 3896 822 3953 difference
835 3898 963 3954 between
982 3898 1062 3954 these
1080 3908 1135 3954 two
1154 3899 1244 3971 rights
1262 3899 1319 3954 and
1337 3919 1414 3970 usus,

265 3980 357 4036 which
376 3980 444 4050 they
456 3990 531 4035 most
549 3981 696 4049 resemble,
714 3980 801 4052 being
819 3983 880 4037 that
899 3981 1063 4038 mentioned
1082 3981 1111 4037 in
1130 3983 1178 4038 the
1197 3994 1264 4054 text,
1277 3983 1334 4038 and
1352 3985 1414 4040 that

264 4065 333 4134 they
345 4081 418 4119 were
435 4073 484 4118 not
503 4063 701 4134 extinguished
716 4063 754 4134 by
767 4081 902 4121 non-user
920 4083 952 4121 or
971 4065 1071 4137 capitis
1091 4065 1255 4136 deminutio,
1270 4067 1335 4138 Dig.
1350 4081 1374 4136 7.
1389 4069 1413 4125 8.

268 4163 308 4203 to.
322 4165 364 4218 pr.

302 4233 359 4286 For
371 4233 419 4288 the
432 4231 512 4288 three
525 4231 585 4286 iura
598 4230 626 4286 in
639 4249 670 4287 re
682 4231 775 4288 aliena
788 4231 879 4287 which
892 4249 964 4288 were
977 4243 1026 4289 not
1040 4233 1196 4289 servitudes
1210 4251 1257 4290 see
1272 4237 1414 4291 Excursus

268 4315 296 4369 ll
312 4325 340 4368 at
353 4315 402 4370 the
415 4315 471 4370 end
484 4315 517 4370 oi
524 4314 581 4370 this
595 4315 683 4370 Book.

302 4395 316 4466 ξ
331 4401 359 4452 0.
380 4397 495 4468 Having
508 4397 657 4454 described
669 4399 718 4454 the
731 4399 841 4454 natural
855 4399 954 4454 modes
968 4399 1002 4454 ol
1009 4399 1156 4471 acquiring
1168 4417 1213 4455 res
1232 4399 1414 4471 (corporales)

266 4479 394 4549 singulae
408 4479 436 4534 in
450 4481 504 4536 Tit.
522 4497 532 4536 t
547 4482 688 4552 Justinian
706 4482 787 4538 takes
804 4482 946 4553 occasion,
960 4483 1032 4539 aster
1050 4483 1177 4554 drawing
1189 4484 1237 4538 the
1250 4483 1414 4538 distinction

266 4563 393 4619 between
411 4564 507 4634 things
525 4567 671 4637 corporeal
691 4567 749 4624 and
769 4565 945 4639 incorporeal
960 4566 989 4622 in
1003 4567 1059 4623 Tit.
1081 4581 1105 4636 2,
1122 4575 1152 4622 to
1175 4565 1285 4621 discuss
1306 4582 1344 4620 an
1364 4565 1415 4620 im·
