3334 5138
253 382 315 452 252
449 376 800 435 msrrrurrouun
816 377 937 433 amm
954 376 1190 450 QUATTUOR.
1288 378 1353 444 [111.
1365 379 1398 434 n.

778 587 874 658 XIV.

533 767 583 818 on
605 768 819 822 uehemens
842 768 1120 822 msmrusnors.

298 913 451 981 Heredes
488 913 658 982 instituere
693 920 889 1002 permissum
920 928 971 984 est
999 928 1069 984 tam
1100 917 1220 984 liberos
1249 915 1402 981 homines

253 1035 354 1102 quam
371 1041 480 1086 servos
495 1028 564 1085 tam
580 1021 729 1105 pmprios
744 1043 845 1105 quam
860 1019 994 1089 alienos.
1024 1023 1173 1107 proprios
1192 1031 1305 1086 autem
1320 1021 1402 1085 olim

254 1123 390 1204 quidem
412 1123 594 1188 secundum
616 1122 759 1208 plurium
778 1127 960 1192 sententias
987 1147 1054 1190 non
1076 1125 1172 1189 aliter
1198 1144 1299 1207 quam
1327 1143 1403 1187 cum

254 1223 407 1292 libertate
429 1237 519 1293 recte
537 1227 708 1295 instituere
729 1231 860 1295 licebat.
890 1230 991 1294 hodie
1004 1250 1083 1294 vero
1106 1229 1206 1293 etiarn
1223 1229 1293 1293 sine
1308 1227 1405 1290 liber·

254 1340 325 1395 tate
340 1352 384 1395 ex
400 1339 511 1397 nostra
526 1335 758 1399 constitutione
777 1335 915 1399 heredes
939 1355 996 1399 eos
1018 1333 1188 1399 instituere
1208 1332 1404 1415 permissum

256 1445 316 1500 est.
347 1436 437 1517 quod
460 1455 526 1500 non
546 1457 608 1520 per
625 1437 871 1502 innovationem
895 1438 1095 1516 induximus,
1111 1431 1170 1502 sed
1190 1435 1346 1518 quoniam
1371 1443 1405 1498 et

255 1535 391 1620 aequius
406 1547 476 1604 erat
493 1549 527 1605 et
542 1539 703 1605 Atilicino
719 1541 881 1625 placuisse
898 1539 1019 1606 Paulus
1038 1539 1105 1606 suis
1120 1535 1221 1619 libris,
1236 1560 1319 1621 quos
1335 1548 1405 1603 tam

256 1643 300 1706 ad
331 1641 515 1707 Masurium
546 1641 708 1711 Sabinum
737 1661 838 1729 quam
866 1647 909 1710 ad
937 1641 1103 1710 Plautium
1130 1639 1268 1728 scripsit,
1298 1641 1406 1706 refert.

257 1748 408 1829 proprius
433 1758 545 1812 autern
570 1767 682 1814 servus
708 1745 809 1812 etiam
835 1749 864 1814 is
890 1743 1101 1832 intellegitur,
1128 1749 1162 1811 in
1188 1761 1255 1828 quo
1281 1747 1406 1810 nudam

257 1850 493 1933 proprietatem
530 1861 671 1918 testator
701 1853 813 1929 habet,
843 1853 909 1917 alio
942 1873 1039 1918 usum
1071 1851 1212 1915 fructum
1251 1847 1407 1913 habente.

259 1963 310 2018 est
330 1965 443 2019 autem
471 1975 574 2031 casus,
598 1956 719 2040 inquo
745 1977 806 2021 nec
830 1977 906 2022 curn
933 1957 1086 2020 libertate
1108 1954 1232 2020 utiliter
1253 1973 1366 2017 servus
1387 1973 1408 2016 a

259 2059 394 2123 domina
415 2059 511 2125 heres
534 2060 723 2138 instituitur,
743 2070 781 2126 ut
804 2061 1042 2126 constitutione
1063 2057 1213 2123 divorum
1237 2055 1350 2122 Severi
1374 2066 1409 2122 et

259 2160 424 2227 Antonini
446 2173 588 2243 cavetur,
611 2165 703 2231 cuius
718 2166 819 2230 verba
838 2164 920 2230 haec
943 2175 1040 2230 sunt:
1063 2163 1223 2228 ‘Servum
1246 2160 1409 2225 adulterio

260 2265 463 2331 maculatum
479 2288 545 2331 non
561 2269 630 2333 lure
645 2278 846 2334 testamento
862 2269 1101 2333 manumissum
1116 2277 1195 2332 ante
1210 2267 1409 2331 sententiam

260 2369 304 2434 ab
316 2391 355 2435 ea
368 2371 503 2436 muliere
514 2373 625 2449 videri,
639 2393 724 2455 quae
736 2394 791 2437 rea
801 2372 908 2436 suerat
920 2367 1066 2436 eiusdem
1078 2370 1221 2436 criminis
1233 2369 1410 2452 postulata,

261 2475 397 2538 rationis
417 2483 485 2539 est:
509 2497 610 2559 quare
632 2478 788 2561 sequitur,
806 2486 843 2542 ut
866 2477 899 2541 in
922 2477 1065 2540 eundem
1087 2497 1107 2539 a
1130 2475 1266 2540 domina
1289 2474 1411 2539 collata

263 2580 425 2644 institutio
448 2578 569 2668 npllius
591 2583 752 2647 momenti
773 2579 954 2647 habeatur?
985 2581 1113 2644 alienus
1128 2600 1240 2644 servus
1263 2579 1364 2644 etiam
1383 2579 1411 2642 is

234 2681 471 2764 lintellegitur,
501 2683 534 2746 in
557 2705 623 2767 quo
654 2705 750 2749 usum
783 2685 925 2749 fructum
957 2693 1098 2749 testator
1122 2683 1233 2748 habet.
1290 2682 1412 2748 Servus

262 2795 374 2851 autem
400 2807 421 2852 a
447 2788 582 2854 domino
608 2810 668 2853 suo
694 2789 790 2855 heres
820 2791 998 2867 institutus,
1024 2791 1051 2854 si
1075 2789 1211 2871 quidem
1236 2788 1269 2851 in
1294 2787 1412 2852 eadem

264 3021 337 3059 were
356 3003 486 3074 properly
499 2999 683 3057 disinherited
702 3001 730 3056 in
749 3003 797 3058 the
815 3000 869 3056 will
888 3000 972 3056 could
990 2999 1056 3055 take
1074 2997 1194 3069 nothing
1211 2999 1302 3053 under
1320 2996 1349 3066 it,
1362 2997 1412 3054 ie

264 3087 313 3142 the
332 3083 547 3142 exheredations
566 3084 659 3152 stand,
681 3101 753 3140 even
775 3086 883 3155 though
904 3085 953 3139 the
974 3082 1030 3138 will
1051 3082 1075 3137 is
1096 3081 1261 3152 practically
1279 3081 1413 3152 nullified,

265 3170 360 3224 unless
373 3170 421 3224 the
434 3168 489 3222 will
501 3166 580 3222 itself
588 3167 721 3224 becomes
734 3169 801 3224 void
813 3169 851 3239 by
863 3167 950 3238 being
962 3165 1135 3223 destitutum.

302 3252 341 3322 (2)
361 3253 424 3308 The
436 3252 519 3308 effect
537 3251 571 3306 ot'
582 3252 721 3306 bonorum
737 3251 882 3322 possessio
898 3261 998 3306 contra
1015 3249 1126 3305 tabulas
1138 3245 1225 3316 being
1239 3253 1289 3301 not
1301 3257 1331 3301 to
1349 3245 1415 3300 sub·

267 3335 363 3394 stitute
376 3336 425 3390 the
443 3333 576 3405 ordinary
588 3335 662 3390 rules
679 3335 712 3390 of
721 3335 868 3406 intestacy,
881 3336 931 3390 but
948 3345 979 3390 to
996 3333 1080 3389 make
1092 3333 1141 3387 the
1160 3330 1322 3386 deceased's
1338 3328 1416 3384 bona

267 3420 397 3476 divisible
415 3435 520 3489 among
538 3418 607 3474 such
626 3418 705 3475 liberi
724 3437 757 3475 as
775 3437 823 3475 are
842 3429 892 3475 not
911 3419 978 3489 duly
990 3414 1183 3482 disinherited,
1202 3414 1273 3468 later
1291 3413 1416 3482 changes

267 3505 297 3560 in
309 3504 358 3559 the
370 3503 423 3558 law
436 3503 469 3558 ol
477 3501 609 3558 intestate
628 3502 791 3558 succession
805 3502 840 3572 (e.
846 3520 873 3573 g.
888 3505 962 3558 Nov.
978 3499 1037 3569 118)
1051 3501 1124 3554 have
1137 3514 1175 3554 no
1188 3495 1327 3562 influente
1339 3497 1416 3565 here,

268 3588 325 3644 and
338 3588 386 3643 the
398 3603 473 3642 nova
485 3587 611 3642 clausula
624 3586 725 3642 Iuliani
740 3587 794 3656 (lor
806 3586 898 3642 which
910 3603 958 3641 see
972 3585 1027 3639 Mr.
1036 3583 1144 3638 Poste's
1156 3591 1223 3636 note
1235 3597 1273 3635 on
1286 3578 1375 3636 Gaius
1388 3578 1417 3634 ii.

271 3669 331 3741 135)
345 3669 462 3740 applies.

305 3753 344 3824 (3)
365 3752 478 3809 Certain
502 3749 628 3823 portions
653 3753 687 3808 of
705 3751 755 3808 the
774 3751 837 3820 will,
857 3749 882 3806 is
902 3747 978 3804 valid
997 3748 1056 3804 iure
1075 3745 1158 3817 civili,
1180 3745 1237 3802 still
1255 3745 1364 3801 remain
1388 3743 1417 3800 in

268 3841 353 3907 force,
366 3837 415 3892 vir.
430 3836 469 3905 (a)
482 3836 531 3891 the
543 3835 766 3904 exheredations,
781 3834 846 3905 Dig.
861 3847 904 3903 37.
916 3848 942 3900 4.
951 3833 976 3887 8.
989 3849 1040 3902 pr,
1053 3831 1091 3886 ib.
1107 3847 1147 3886 ro.
1162 3843 1176 3900 5
1189 3850 1196 3896 ;
1215 3828 1252 3898 (b)
1265 3831 1314 3885 the
1326 3827 1419 3899 pupil-

269 3925 329 3991 lary
345 3918 542 3976 substitutions
559 3918 626 3988 (Tit.
642 3919 674 3974 16
686 3917 746 3986 inl.)
765 3918 823 3972 and
841 3909 1053 3987 appoihtlhents
1071 3915 1104 3970 ol
1117 3922 1321 3983 testamentary
1337 3929 1419 3982 guar·

270 4005 370 4072 dians;
406 4002 440 4072 (c)
465 4001 588 4072 legacies
612 4002 669 4056 and
693 4000 915 4056 fideicommissa
943 4009 974 4055 to
1000 3998 1169 4054 coniunctae
1195 4012 1343 4068 personae,
1368 3993 1386 4052 i.
1394 4011 1418 4050 e.

269 4087 441 4144 ascendants
454 4085 511 4141 and
529 4084 720 4140 descendants
736 4084 770 4138 os
777 4085 826 4140 the
844 4093 971 4150 testator,
984 4083 1042 4138 and
1060 4082 1223 4153 praelegata
1235 4078 1310 4135 dotis
1323 4088 1353 4134 to
1371 4078 1420 4133 the

270 4171 333 4227 wife
352 4169 419 4241 (Tit.
432 4184 475 4223 20.
491 4181 521 4238 15
535 4167 605 4236 int),
619 4184 652 4222 or
668 4166 730 4223 wile
745 4167 779 4222 of
793 4183 811 4222 a
825 4167 1010 4236 descendant,
1024 4165 1090 4236 Dig.
1104 4177 1146 4234 37.
1162 4177 1185 4235 5.
1201 4180 1224 4220 1.
1236 4181 1279 4234 pr.
1314 4163 1342 4218 A
1354 4179 1420 4217 con·

270 4253 398 4309 stitution
411 4251 444 4306 os
451 4252 486 4306 A.
498 4250 564 4305 Pius
578 4249 656 4319 (Dig.
668 4263 710 4319 37.
726 4263 751 4320 5.
759 4249 787 4318 7)
800 4249 910 4306 limited
922 4251 970 4305 the
983 4259 1099 4304 amount
1112 4247 1145 4303 os
1153 4247 1223 4302 such
1237 4243 1421 4315 dispositione

270 4337 309 4405 by
328 4334 461 4405 enacting
480 4335 541 4389 that
563 4333 600 4388 all
621 4334 670 4388 the
690 4333 858 4388 coniunctae
878 4349 1017 4402 personae
1037 4331 1167 4402 together
1183 4328 1268 4386 could
1286 4337 1336 4383 not
1354 4325 1421 4382 take

271 4435 350 4473 more
362 4417 431 4472 than
444 4417 515 4473 each
528 4416 560 4472 ol
569 4417 617 4472 the
629 4417 769 4472 bonorum
781 4433 970 4487 possessores.

306 4505 367 4560 mt.
380 4503 467 4559 XIV.
489 4500 519 4557 lt
526 4517 544 4558 a
556 4501 634 4560 slave
646 4501 675 4558 in
688 4501 780 4558 whom
793 4501 914 4558 another
924 4497 983 4556 had
995 4515 1014 4555 a
1025 4497 1150 4554 usufruct
1163 4511 1220 4554 was
1233 4489 1422 4550 manumitted
