3286 5144
311 407 377 497 348
514 416 617 474 INST
614 416 664 473 IT
667 416 722 474 UT
720 415 866 473 IONUM
884 413 1003 470 LIBRI
1021 403 1258 486 QUATTUOR.
1345 412 1411 480 [Lib.
1421 417 1467 468 111.

313 601 372 646 eos
389 581 423 644 in
444 579 581 664 plenum
603 601 723 646 causae
745 579 870 644 mederi
893 577 1097 642 invenimus:
1125 597 1227 660 quare
1249 576 1375 640 etenim
1398 595 1466 640 uno

314 686 499 768 eodemque
524 687 630 770 gradu
660 685 802 749 naturali
828 691 1041 748 concurrente
1065 691 1099 746 et
1124 681 1336 764 adgnationis
1359 681 1467 744 titulis

312 799 385 853 tam
415 791 449 852 in
480 790 634 854 masculis
663 809 765 871 quam
791 789 825 851 in
854 788 985 850 seminis
1017 807 1124 869 aequa
1153 786 1246 850 lance
1276 786 1467 849 constitutis

313 894 470 957 masculis
495 895 631 976 quidem
662 894 805 957 dabatur
828 893 871 957 ad
902 892 1141 955 successionem
1172 889 1285 954 venire
1315 890 1467 952 omnium

312 997 543 1079 adgnatorum,
560 1017 604 1060 ex
619 996 773 1077 adgnatis
792 1003 907 1066 autem
928 994 1120 1057 mulieribus
1141 992 1240 1056 nullis
1256 992 1388 1074 penitus
1404 992 1467 1056 nisi

311 1099 377 1164 soli
395 1101 497 1162 sorori
517 1101 561 1163 ad
583 1100 805 1182 adgnatorum
825 1099 1065 1163 successionem
1081 1098 1219 1181 patebat
1234 1097 1366 1161 aditus?
1390 1096 1467 1161 ideo

314 1203 349 1266 in
375 1202 510 1285 plenum
533 1204 646 1266 omnia
667 1203 862 1266 reducentes
884 1211 919 1266 et
941 1201 984 1264 ad
1007 1202 1058 1264 ius
1081 1200 1257 1264 duodecim
1278 1199 1467 1263 tabularum

313 1306 456 1369 eandem
467 1306 719 1386 dispositionem
736 1314 961 1388 exaequantes
977 1313 1090 1369 nostra
1102 1304 1337 1368 constitutione
1353 1304 1467 1367 sanxi-

313 1429 389 1474 mus
418 1429 535 1473 omnes
572 1409 737 1492 legitimas
767 1429 934 1492 personas,
960 1409 995 1472 id
1025 1416 1075 1473 est
1104 1427 1164 1492 per
1188 1406 1315 1470 virilem
1346 1423 1467 1471 sexum

313 1514 563 1592 descendentes,
578 1515 648 1578 sive
663 1513 835 1579 masculini
857 1514 926 1578 sive
948 1513 1096 1576 feminini
1114 1512 1244 1594 generis
1266 1520 1352 1589 sunt,
1367 1510 1467 1575 simili

315 1619 418 1682 modo
453 1619 496 1682 ad
526 1619 597 1682 iura
632 1617 848 1683 successionis
886 1617 1054 1700 legitimae
1090 1617 1134 1680 ab
1168 1617 1328 1680 intestato
1355 1615 1468 1679 vocari

316 1721 498 1786 secundum
522 1721 644 1803 gradus
670 1723 721 1786 sui
748 1723 1012 1804 praerogativam
1042 1741 1103 1784 nec
1129 1719 1205 1784 ideo
1232 1718 1468 1798 excludendas,

286 1827 394 1918 4quia
409 1826 703 1908 consanguinitatis
725 1827 794 1890 iura
815 1826 912 1890 sicuti
934 1846 1111 1908 germanae
1126 1844 1192 1887 non
1207 1823 1343 1888 habent.
1391 1823 1468 1886 Hoc

316 1932 418 1994 etiam
455 1929 648 1994 addendum
685 1939 818 1994 nostrae
855 1929 1084 1994 constitutioni
1122 1927 1397 2002 existimavimus,
1429 1935 1469 1990 ut

315 2032 531 2098 transferatur
556 2034 896 2098 unustantummodo
918 2033 1041 2116 gradus
1063 2055 1084 2097 a
1106 2032 1176 2096 iure
1200 2031 1408 2114 cognationis
1434 2031 1468 2094 in

316 2136 502 2219 legitimam
529 2138 780 2214 successionem,
805 2145 841 2200 ut
867 2155 933 2200 non
958 2135 1068 2202 solum
1095 2136 1203 2200 fratris
1229 2133 1316 2198 filius
1340 2140 1374 2198 et
1400 2132 1469 2198 filia

316 2239 499 2304 secundum
519 2241 610 2322 quod
635 2241 702 2304 iam
724 2239 932 2305 definivimus
954 2241 997 2305 ad
1020 2239 1262 2304 successionem
1285 2237 1395 2320 patrui
1417 2236 1469 2302 sui

315 2354 483 2422 vocentur,
519 2345 580 2408 sed
617 2345 720 2408 etiam
756 2363 934 2426 germanae
969 2345 1234 2426 consanguineae
1264 2341 1318 2406 vel
1346 2343 1469 2406 sororis

315 2450 465 2512 uterinae
487 2447 574 2513 filius
596 2458 630 2512 et
653 2447 720 2512 filia
740 2448 802 2514 soli
825 2459 859 2513 et
881 2469 948 2513 non
964 2449 1117 2532 deinceps
1133 2467 1295 2530 personae
1310 2467 1376 2510 una
1392 2465 1469 2510 cum

316 2553 368 2616 his
384 2553 427 2616 ad
443 2553 513 2616 iura
527 2552 679 2616 avunculi
698 2554 748 2617 sui
767 2553 960 2636 perveniant
981 2563 1017 2618 et
1040 2562 1172 2618 mortuo
1194 2573 1243 2630 eo,
1258 2552 1316 2634 qui
1332 2559 1469 2634 patruus

315 2656 453 2736 quidem
483 2664 534 2719 est
563 2654 672 2720 fratris
701 2658 752 2720 sui
783 2657 868 2736 filiis,
894 2657 1076 2722 avunculus
1106 2665 1218 2721 autem
1245 2655 1365 2719 sororis
1389 2673 1470 2718 suae

316 2757 434 2834 suboli,
450 2757 549 2822 simili
572 2759 672 2822 modo
695 2760 738 2823 ab
760 2769 900 2842 utroque
922 2760 1024 2825 latere
1046 2761 1234 2838 succedant,
1248 2767 1422 2841 tamquam
1440 2757 1469 2822 si

316 2879 433 2926 omnes
449 2882 493 2925 ex
508 2862 663 2928 masculis
677 2865 917 2930 descendentes
932 2864 1083 2948 legitimo
1102 2867 1171 2928 iure
1185 2864 1328 2941 veniant,
1343 2861 1470 2927 scilicet

317 2963 375 3026 ubi
398 2964 498 3029 irater
519 2975 554 3030 et
575 2985 668 3030 soror
689 2969 884 3050 superstites
908 2989 974 3032 non
997 2979 1075 3034 sunt
1096 2965 1161 3054 (his
1180 2965 1469 3049 etenimpersonis

317 3070 590 3151 praecedentibus
617 3081 651 3136 et
673 3073 915 3136 successionem
940 3074 1196 3138 admittentibus
1222 3071 1322 3136 ceteri
1346 3071 1468 3153 gradus

318 3184 489 3239 remanent
503 3177 635 3258 penitus
651 3173 800 3262 semoth:
822 3178 977 3242 videlicet
997 3178 1181 3242 hereditate
1196 3197 1263 3240 non
1278 3176 1322 3240 ad
1342 3176 1470 3258 stirpes,

317 3369 459 3440 Justinian
481 3372 550 3426 calls
568 3372 617 3427 the
641 3372 737 3428 media
757 3372 983 3443 iurisprudentia,
1003 3389 1035 3428 or
1059 3391 1137 3428 more
1158 3372 1297 3444 precisely
1315 3372 1364 3426 the
1386 3370 1470 3426 inter-

318 3454 440 3524 pretatio
459 3454 594 3524 (General
615 3456 720 3511 Introd.
734 3474 760 3528 p.
774 3470 808 3527 45
822 3457 909 3528 supr.)
928 3459 961 3512 of
975 3458 1024 3513 the
1042 3459 1087 3512 lex
1099 3456 1228 3512 Voconia
1244 3456 1283 3525 by
1295 3457 1344 3510 the
1353 3453 1471 3526 jurists;

319 3535 458 3594 ‘feminae
471 3539 508 3593 ad
521 3539 693 3594 hereditates
711 3540 851 3610 legitimas
864 3542 937 3596 ultra
956 3541 1181 3611 consanguineas
1200 3538 1395 3595 successiones
1412 3555 1470 3594 nou

318 3621 513 3691 admittuntur,
522 3621 607 3692 idque
617 3621 676 3678 iure
685 3621 759 3678 civili
769 3623 936 3679 Voconiana
945 3623 1054 3680 ratione
1064 3623 1176 3679 videtur
1185 3623 1331 3679 effectum:
1346 3632 1471 3677 ceterum

319 3705 364 3760 lex
377 3704 528 3760 duodecim
541 3705 700 3760 tabularum
717 3708 794 3762 nulla
807 3706 977 3763 discretione
990 3725 1073 3763 sexus
1086 3708 1226 3777 adgnatos
1239 3705 1378 3762 admittit’
1392 3705 1471 3760 Paul.

318 3797 392 3842 sent.
405 3805 460 3844 rec.
473 3803 500 3855 4.
513 3803 537 3858 o
552 3804 595 3844 22.
632 3791 768 3846 Remoter
777 3791 879 3846 female
889 3802 1007 3861 agnates
1020 3794 1089 3847 than
1103 3791 1200 3848 sisters
1210 3792 1268 3846 had
1280 3807 1298 3846 a
1310 3788 1471 3861 praetorias

319 3873 380 3927 title
399 3874 481 3942 only;
499 3875 567 3944 they
586 3875 669 3929 could
687 3876 785 3930 obtain
804 3876 943 3930 bonorum
962 3877 1106 3947 possessio
1128 3876 1156 3930 in
1180 3877 1229 3932 the
1246 3875 1321 3930 third
1340 3873 1420 3942 rank,
1439 3889 1471 3928 as

319 3965 455 4025 cognates
475 3957 673 4028 (proximitatis
692 3958 827 4028 nomine),
846 3961 942 4014 unless
960 3961 1098 4016 excluded
1116 3961 1155 4030 by
1173 3976 1274 4015 nearer
1291 3957 1425 4013 relations
1443 3955 1476 4010 os

319 4039 368 4094 the
387 4055 466 4096 same
485 4041 568 4096 class.
603 4041 769 4111 Justinian's
782 4053 943 4098 enactment
960 4043 1100 4115 restoring
1118 4054 1148 4099 to
1165 4044 1244 4099 them
1262 4041 1336 4098 their
1352 4038 1471 4109 original

317 4122 408 4193 rights
422 4123 445 4178 is
458 4123 488 4179 in
502 4124 572 4180 Cod.
585 4124 611 4180 6.
626 4126 667 4195 58.
684 4140 724 4192 14.

355 4207 370 4274 §
384 4209 413 4261 4.
434 4209 499 4262 Into
512 4208 560 4263 the
573 4209 679 4264 second
692 4207 776 4264 order
795 4208 828 4264 os
836 4209 1008 4280 successim,
1021 4209 1112 4265 which
1129 4227 1199 4280 goes
1216 4207 1360 4279 generally
1372 4207 1411 4277 by
1423 4207 1471 4262 the

318 4307 403 4346 name
423 4291 456 4346 oi
473 4291 599 4362 legitimi,
621 4293 678 4348 and
697 4293 789 4347 which
810 4293 955 4349 consisted
976 4294 1015 4364 by
1033 4295 1080 4349 the
1102 4293 1149 4348 old
1169 4295 1222 4348 law
1241 4293 1274 4347 oi
1291 4291 1340 4346 the
1359 4299 1472 4346 nearest

319 4383 437 4444 agnates
457 4377 531 4445 only,
545 4393 617 4431 were
635 4375 775 4432 admitted
793 4377 831 4447 by
844 4377 1003 4434 successive
1020 4379 1154 4448 changes,
1167 4377 1276 4447 though
1293 4373 1322 4430 in
1342 4373 1472 4430 different

319 4456 437 4526 degrees
450 4458 484 4512 oi
491 4459 625 4530 priority:

316 4603 323 4614 ἡ
356 4538 395 4607 (1)
415 4541 477 4596 The
490 4541 652 4598 deceased's
665 4543 778 4600 mother
789 4542 814 4598 if
822 4545 873 4600 she
886 4545 945 4600 had
957 4545 1005 4600 the
1018 4544 1061 4600 ius
1075 4544 1235 4614 liberorum,
1249 4541 1304 4598 Tit.
1319 4556 1335 4611 3
1349 4540 1398 4598 int.
1458 4595 1465 4604 ,
