3312 5188
266 345 331 412 430
469 335 543 391 INS
546 336 618 391 TIT
620 337 819 394 UTIONUM
836 340 954 397 LIBRI
972 343 1208 416 QUATTUOR.
1296 353 1360 421 [Lib.
1371 359 1423 414 lll'.

240 507 399 584 tumque,
429 509 488 566 aut
520 500 584 566 olei
613 502 680 566 vini
711 502 863 567 frumenti
893 508 1024 573 emendi
1054 513 1296 600 vendendique.
1367 519 1418 584 Et

267 605 402 686 quidem
425 606 452 668 si
477 605 557 668 nihil
581 605 624 669 de
646 607 794 688 partibus
815 607 897 672 lucri
920 619 954 674 et
978 612 1091 677 damni
1117 620 1312 686 nominatim
1336 644 1418 688 con·

265 708 399 784 venerit,
430 707 584 791 aequales
616 709 741 776 scilicet
771 720 881 791 partes
911 724 945 778 et
977 716 1010 778 in
1040 716 1130 783 lucro
1161 732 1195 786 et
1224 723 1257 788 in
1288 727 1414 791 damno

265 820 465 890 spectantur.
518 812 608 892 quod
639 812 666 874 si
697 833 875 900 expressae
900 815 1020 882 fuerint
1051 831 1171 903 partes,
1199 825 1264 892 hae
1290 832 1413 894 servari

264 912 407 976 debent:
431 933 490 976 nec
506 914 593 976 enim
609 935 768 998 umquam
780 918 917 982 dubium
932 920 1000 1001 fuit,
1012 925 1091 1006 quin
1106 927 1217 993 valeat
1229 935 1413 1014 conventio,

264 1014 290 1076 si
306 1015 372 1077 duo
388 1015 472 1078 inter
490 1037 526 1079 se
540 1019 629 1098 pacti
647 1029 733 1094 sunt,
750 1029 787 1083 ut
807 1023 850 1085 ad
873 1043 974 1087 unum
991 1027 1126 1108 quidem
1144 1031 1229 1096 duae
1245 1045 1355 1117 partes
1376 1049 1412 1103 et

234 1119 376 1181 2damni
397 1129 430 1183 et
451 1118 531 1183 lucri
552 1121 745 1202 pertineant,
761 1125 803 1188 ad
825 1125 926 1190 alium
948 1131 1055 1196 tertia.
1101 1133 1154 1198 De
1170 1135 1226 1201 illa
1241 1161 1320 1205 sane
1335 1161 1411 1206 con·

262 1223 416 1287 ventione
433 1225 619 1306 quaesitum
636 1236 697 1303 est,
714 1228 741 1292 si
762 1227 870 1295 Titius
889 1241 924 1296 et
945 1232 1042 1300 Seius
1062 1237 1148 1303 inter
1162 1261 1198 1305 se
1218 1245 1306 1326 pacti
1323 1255 1409 1319 sunt,

263 1334 299 1388 ut
321 1327 365 1389 ad
388 1326 514 1390 Titium
539 1328 618 1394 lucri
642 1332 728 1397 duae
751 1345 861 1416 partes
887 1339 1083 1422 pertineant,
1105 1344 1218 1410 damni
1237 1349 1342 1424 tertia,
1367 1350 1408 1412 ad

263 1427 377 1493 Seium
401 1431 487 1496 duae
509 1443 620 1516 partes
642 1437 765 1515 damni,
781 1439 862 1506 lucri
885 1446 992 1521 tertia,
1014 1468 1056 1510 an
1080 1458 1150 1514 rata
1173 1451 1274 1517 debet
1295 1451 1407 1518 haberi

261 1533 458 1599 conventio?
496 1535 642 1620 Quintus
661 1540 792 1608 Mucius
812 1555 927 1610 contra
948 1556 1098 1610 naturam
1120 1551 1288 1618 societatis
1308 1557 1408 1622 talem

260 1639 448 1720 pactionem
464 1663 536 1708 esse
548 1645 750 1712 existimavit
762 1659 796 1712 et
811 1650 854 1711 ob
871 1649 903 1710 id
920 1668 985 1708 non
998 1668 1069 1708 esse
1084 1657 1188 1708 ratam
1205 1650 1408 1723 habendam.

261 1740 396 1810 Servius
427 1745 601 1832 Sulpicius,
631 1751 722 1814 cuius
748 1733 911 1813 sententia
939 1743 1129 1826 praevaluit,
1155 1754 1269 1810 contra
1292 1763 1404 1835 sentit,

260 1849 337 1930 quia
359 1871 458 1934 saepe
480 1853 685 1936 quorundam
707 1853 753 1914 ita
772 1850 915 1932 pretiosa
935 1855 985 1910 est
1008 1864 1109 1926 opera
1129 1846 1162 1910 in
1181 1849 1404 1929 societatem

260 1971 317 2016 eos
333 1953 455 2018 iustum
470 1956 513 2019 sit
530 1955 662 2018 meliore
678 1951 870 2014 condicione
890 1949 923 2011 in
944 1949 1137 2014 societatem
1153 1953 1301 2020 admitti:
1325 1978 1401 2024 nam

260 2064 294 2119 et
310 2056 356 2120 ita
372 2057 448 2122 coiri
464 2077 562 2138 posse
576 2055 765 2119 societatem
783 2073 848 2116 non
869 2052 1048 2130 dubitatur,
1065 2063 1102 2118 ut
1123 2057 1209 2121 alter
1228 2060 1403 2140 pecuniam

258 2160 413 2240 conterat,
429 2160 513 2224 alter
531 2178 595 2222 non
618 2155 763 2220 conserat
786 2165 820 2220 et
843 2167 956 2221 tamen
979 2157 1105 2222 lucrum
1129 2160 1213 2225 inter
1235 2184 1292 2228 eos
1316 2185 1405 2229 com·

259 2285 358 2328 mune
372 2265 422 2343 sit,
438 2263 514 2345 quia
532 2281 630 2344 saepe
645 2281 745 2343 opera
760 2260 895 2326 alicuius
910 2282 970 2344 pro
986 2263 1125 2346 pecunia
1139 2265 1237 2331 valet.
1271 2277 1305 2332 et
1320 2269 1405 2334 adeo

257 2379 372 2433 contra
402 2365 517 2449 Quinti
549 2365 650 2430 Mucii
680 2367 879 2432 sententiam
910 2367 1063 2450 optinuit,
1094 2379 1131 2434 ut
1161 2369 1241 2434 illud
1269 2393 1403 2456 quoque

256 2469 439 2534 constiterit
457 2489 553 2552 posse
573 2471 755 2552 convenire,
771 2482 808 2536 ut
829 2472 903 2556 quis
922 2470 1001 2536 lucri
1020 2482 1148 2556 partem
1170 2473 1261 2554 ferat,
1278 2477 1402 2542 damno

256 2592 321 2636 non
336 2581 494 2651 teneatur,
511 2575 600 2656 quod
620 2585 654 2640 et
674 2576 782 2659 ipsum
800 2575 934 2641 Servius
954 2577 1188 2642 convenienter
1204 2579 1267 2642 sibi
1286 2581 1401 2645 existi·

255 2675 375 2740 mavit:
398 2679 488 2759 quod
512 2688 625 2744 tamen
648 2681 695 2745 ita
717 2681 864 2765 intellegi
887 2688 1028 2764 oportet,
1052 2690 1098 2760 ut,
1121 2681 1149 2744 si
1175 2683 1208 2745 in
1232 2683 1343 2767 aliqua
1366 2705 1401 2750 re

252 2779 390 2860 lucrum,
413 2781 446 2845 in
465 2783 576 2867 aliqua
599 2785 758 2849 damnum
782 2785 919 2849 allatum
947 2785 999 2861 sit,
1023 2785 1293 2868 compensatione
1315 2787 1403 2853 facta

253 2989 332 3028 some
350 2971 455 3042 special
467 2971 605 3042 business,
619 2990 643 3029 e.
651 2990 676 3044 g.
691 2991 723 3028 as
736 2989 804 3028 corn
817 2989 849 3027 or
862 2971 933 3026 wine
946 2972 1115 3041 merchantS,
1130 2973 1197 3042 Dig.
1210 2973 1246 3029 ib.
1263 2986 1286 3044 5.
1300 2992 1350 3046 pr,
1364 2973 1402 3030 ib.

255 3070 295 3128 52.
309 3071 326 3124 4
339 3057 396 3111 and
410 3069 432 3126 5.
470 3058 497 3111 A
509 3056 661 3127 particular
672 3057 744 3111 form
757 3057 790 3110 oi
798 3055 854 3111 this
867 3072 925 3110 was
938 3056 1058 3110 societas
1071 3055 1225 3126 vectigalis,
1237 3057 1348 3112 formed
1361 3057 1403 3112 ior

252 3141 300 3195 the
313 3139 435 3210 sarming
443 3140 476 3194 oi
484 3141 532 3194 the
545 3139 640 3210 public
652 3157 781 3208 revenue,
792 3156 809 3194 a
821 3137 987 3209 peculiarity
996 3138 1029 3192 ol
1037 3137 1128 3194 which
1138 3155 1195 3194 was
1208 3140 1270 3195 that
1282 3141 1330 3196 the
1342 3141 1402 3196 rule

252 3223 346 3279 stated
359 3223 387 3277 in
401 3225 415 3291 §
432 3235 445 3293 5
459 3222 508 3278 ini.
521 3222 570 3278 did
583 3233 632 3278 not
645 3223 721 3291 bold,
736 3222 801 3292 Dig.
818 3235 856 3290 17.
872 3237 896 3277 2.
912 3234 953 3292 59.

289 3306 329 3377 (3)
349 3307 477 3363 Societas
490 3307 529 3363 rei
544 3307 633 3377 unius,
643 3308 692 3362 the
705 3307 798 3378 object
811 3305 844 3361 oi
853 3306 944 3360 which
961 3305 985 3361 is
1004 3321 1022 3362 a
1040 3305 1131 3377 single
1148 3307 1330 3378 transaction,
1343 3324 1400 3378 eg.

251 3391 300 3447 the
309 3390 382 3462 joint
395 3392 533 3462 purchase
546 3392 579 3446 oi
587 3391 701 3462 specilic
714 3400 854 3460 property,
869 3389 935 3461 Dig.
949 3389 986 3444 ib.
1001 3403 1025 3461 5.
1037 3405 1089 3460 pr,
1103 3391 1139 3446 ib.
1155 3392 1196 3461 58.
1209 3405 1250 3462 pr.

288 3474 302 3547 ξ
316 3479 341 3531 1.
359 3478 401 3531 As
414 3492 534 3546 appears
547 3475 619 3529 from
633 3489 649 3528 2
663 3473 710 3530 ins.
721 3475 757 3528 ad
771 3474 827 3544 fin,
840 3475 878 3543 by
890 3475 998 3529 lucrum
1015 3474 1072 3529 and
1089 3475 1225 3529 damnum
1238 3473 1262 3529 is
1274 3483 1371 3530 meant
1384 3489 1402 3530 a

250 3559 414 3616 favourable
432 3558 490 3614 and
508 3575 545 3614 an
564 3558 683 3613 adverse
701 3557 821 3612 balance
839 3567 868 3611 at
887 3558 936 3612 the
954 3556 1023 3612 time
1042 3558 1123 3612 when
1140 3557 1189 3612 the
1204 3568 1339 3612 accounts
1352 3575 1400 3613 are

251 3644 346 3713 taken,
359 3661 383 3698 e.
389 3660 415 3714 g.
434 3652 463 3697 at
482 3642 531 3697 the
543 3641 600 3696 end
617 3641 649 3696 oi
663 3643 711 3696 the
730 3657 807 3710 year,
820 3657 852 3694 or
864 3641 945 3695 when
958 3641 1007 3696 the
1020 3640 1198 3712 partnership
1212 3639 1235 3695 is
1249 3639 1402 3698 dissolved.

253 3727 282 3782 If
297 3726 317 3782 it
336 3743 409 3782 were
427 3726 539 3796 agreed,
553 3725 582 3779 in
601 3743 618 3780 a
636 3723 817 3795 partnership
835 3724 963 3779 between
982 3725 1008 3778 Α
1027 3724 1084 3779 and
1103 3726 1136 3793 B,
1149 3725 1211 3779 that
1229 3723 1311 3779 while
1330 3725 1401 3779 each

250 3809 352 3864 should
365 3810 448 3863 share
461 3810 550 3864 losses
563 3809 683 3879 equally,
696 3809 722 3862 Α
735 3807 837 3862 should
848 3808 921 3862 have
934 3825 952 3862 a
964 3808 1056 3877 larger
1071 3807 1234 3878 proportion
1248 3808 1281 3862 of
1294 3807 1401 3878 profits,

250 3892 271 3947 it
284 3910 341 3947 was
355 3910 372 3946 a
385 3891 529 3947 condition
542 3892 604 3947 that
616 3892 643 3946 A
655 3890 758 3945 should
775 3892 848 3946 have
868 3889 1046 3946 contributed
1059 3907 1137 3946 more
1150 3891 1218 3945 than
1233 3892 1256 3944 B
1269 3890 1360 3946 either
1372 3889 1406 3945 ol

249 3975 362 4046 capital,
384 3974 483 4043 credit,
502 3991 534 4028 or
554 3983 763 4044 management,
785 3984 854 4030 ete:
881 3973 922 4029 ‘si
947 3991 1014 4030 vero
1039 3973 1175 4045 placuerit
1195 3983 1225 4028 ut
1246 3973 1308 4044 quis
1328 3973 1400 4028 duas

249 4069 345 4129 partes
365 4059 410 4114 vel
429 4067 486 4113 tres
504 4057 617 4126 habeat,
636 4057 708 4113 alius
726 4075 821 4129 unam,
841 4075 878 4113 an
897 4059 1011 4114 valeat?
1033 4059 1126 4128 placet
1149 4056 1251 4125 valere,
1271 4055 1294 4111 si
1313 4055 1400 4111 modo

249 4141 356 4213 aliquid
374 4143 437 4212 plus
456 4141 573 4196 contulit
592 4141 720 4197 societati
739 4143 784 4198 vel
802 4142 940 4213 pecuniae
961 4143 1005 4197 vel
1024 4157 1128 4212 operae
1146 4141 1190 4196 vel
1209 4139 1400 4212 cuiuscunque

249 4224 363 4280 alterius
382 4225 422 4278 rei
441 4226 542 4279 causa’
561 4224 628 4295 Dig.
644 4239 683 4293 17.
697 4241 721 4282 2.
743 4241 783 4297 29
797 4243 839 4297 pr.
878 4227 911 4281 ln
930 4226 978 4281 the
997 4235 1055 4280 text
1073 4224 1169 4280 before
1187 4241 1220 4279 us
1241 4223 1305 4293 (nec
1323 4224 1400 4279 enim

249 4322 374 4377 unquam
387 4347 394 4361 .
410 4347 436 4362 ..
449 4347 456 4362 .
470 4306 508 4361 ad
520 4305 606 4362 alium
619 4308 713 4378 tertia)
727 4311 775 4364 the
792 4325 890 4364 excess
903 4307 1082 4364 contributed
1094 4307 1132 4378 by
1144 4307 1171 4361 A
1184 4305 1208 4362 is
1220 4315 1250 4363 to
1262 4306 1299 4362 be
1312 4305 1400 4362 found

248 4387 287 4457 by
299 4389 395 4458 laying
406 4399 493 4444 stress
505 4406 581 4459 upon
594 4391 642 4447 the
655 4392 747 4448 words
760 4392 803 4448 ‘et
816 4391 930 4447 damni’

285 4467 343 4540 §a
363 4472 425 4527 The
438 4472 538 4528 earlier
550 4484 613 4543 part
626 4475 658 4530 oi
672 4475 729 4531 this
746 4475 854 4536 section
871 4491 964 4532 seems
980 4483 1009 4530 at
1025 4473 1084 4530 first
1101 4471 1176 4545 sight
1189 4482 1219 4530 to
1231 4471 1268 4530 be
1280 4471 1399 4546 directly
