3266 5188
186 431 236 480 m.
250 423 285 492 3]
546 422 606 476 aa
627 422 741 478 rece
762 422 951 493 Aoniam.
1270 435 1332 504 511

186 591 359 672 pignerata
383 587 451 651 sive
473 587 625 670 deposita
647 589 690 652 sit
713 590 801 671 apud
825 590 951 654 Titium
973 589 1028 670 sic,
1053 601 1089 656 ut
1116 591 1242 657 intersit
1266 595 1336 658 eius

188 713 262 756 eam
294 713 360 756 non
387 691 515 770 auferri,
544 693 647 757 veluti
677 694 704 756 si
735 694 768 756 in
799 715 833 758 re
863 696 1013 777 deposita
1043 695 1173 778 c'ulpam
1203 719 1336 781 quoque

187 797 346 880 promisit,
366 797 433 860 sive
459 797 548 860 bona
574 797 640 862 lide
664 799 841 880 possideat,
864 801 931 862 sive
955 820 1050 863 usum
1077 799 1217 866 fructum
1240 804 1273 866 in
1296 825 1336 868 ea

188 901 262 983 quis
287 899 410 966 habeat
435 901 488 964 vel
515 903 605 984 quod
631 902 721 965 aliud
752 904 811 977 ius,
839 913 876 968 ut
906 903 1033 968 intersit
1061 904 1130 968 eius
1153 926 1219 970 non
1245 908 1335 988 rapi:

188 1006 365 1070 dicendum
385 1013 435 1068 est
453 1017 640 1088 competere
661 1007 690 1070 ei
714 1005 799 1084 hanc
822 1007 998 1084 actionem,
1014 1017 1051 1072 ut
1068 1030 1132 1072 non
1152 1011 1336 1076 dominium

187 1109 339 1192 accipiat,
366 1109 425 1172 sed
449 1109 529 1174 illud
560 1110 676 1186 solum,
700 1112 790 1193 quod
822 1133 865 1174 ex
892 1112 987 1176 bonis
1011 1113 1080 1176 eius
1106 1114 1161 1195 qui
1188 1115 1336 1197 rapinam

188 1235 304 1296 passus
322 1223 381 1292 est,
402 1214 435 1277 id
458 1223 509 1279 est
531 1215 620 1297 quod
642 1237 686 1280 ex
710 1217 894 1280 substantia
918 1217 987 1280 eius
1004 1217 1153 1281 ablatum
1173 1239 1244 1282 esse
1261 1239 1336 1300 pro-

188 1328 338 1400 ponatur.
384 1327 417 1382 et
437 1320 633 1401 generaliter
653 1321 829 1385 dicendum
852 1330 910 1399 est,
927 1342 970 1384 ex
993 1323 1113 1403 quibus
1134 1324 1240 1386 causis
1260 1322 1338 1388 lurti

188 1423 276 1486 actio
292 1423 451 1504 competit
466 1423 499 1486 in
516 1444 549 1487 re
564 1424 649 1488 clam
666 1424 761 1504 sacta,
778 1447 822 1490 ex
839 1425 945 1490 isdem
961 1427 1067 1492 causis
1086 1445 1201 1492 omnes
1217 1426 1339 1496 habere

188 1525 274 1590 hanc
289 1525 462 1593 actionem.

735 1665 799 1730 III.

585 1843 635 1892 oc
659 1843 754 1893 unca
777 1842 945 1906 nouum.

236 1990 359 2054 Damni
397 1990 532 2081 iniuriae
565 1992 653 2056 actio
687 1993 897 2056 constituitur
928 2013 987 2074 per
1019 1991 1126 2075 legem
1157 1991 1340 2076 Aquiliam.

192 2095 284 2158 cuius
310 2096 417 2176 primo
441 2096 550 2177 capite
570 2106 702 2160 cautum
722 2107 781 2175 est,
802 2105 839 2160 ut
861 2097 887 2159 si
911 2097 984 2178 quis
1006 2095 1175 2161 hominem
1196 2098 1340 2160 alienum

192 2199 377 2264 alienamve
403 2201 654 2282 quadrupedem
684 2222 770 2284 quae
795 2201 959 2282 pecudum
987 2221 1123 2264 numero
1152 2201 1195 2266 sit
1225 2202 1342 2264 iniuria

192 2302 355 2381 occiderit,
368 2303 483 2385 quanti
501 2323 540 2366 ea
555 2324 606 2366 res
623 2305 656 2366 in
672 2325 712 2368 eo
727 2323 815 2368 anno
830 2304 962 2386 plurimi
978 2304 1047 2383 suit,
1060 2315 1189 2368 tantum
1206 2305 1341 2368 domino

193 2557 241 2613 the
254 2557 414 2612 bonitarian
426 2558 498 2612 form
508 2559 541 2613 of
549 2558 640 2614 which
650 2560 698 2614 the
708 2560 811 2630 phrase
825 2557 871 2613 ‘in
882 2557 964 2613 bonis
975 2560 1094 2614 habere'
1107 2577 1163 2614 was
1173 2559 1323 2629 employed
1335 2573 1343 2626 ς

192 2640 249 2694 this
260 2658 353 2696 seems
363 2642 438 2696 clear
447 2641 519 2696 from
529 2643 578 2697 the
587 2643 726 2712 language
739 2642 862 2696 towards
875 2643 923 2696 the
936 2642 993 2696 end
1006 2643 1038 2695 of
1052 2643 1101 2696 the
1114 2643 1282 2712 paragraph,
1297 2643 1342 2698 ‘ut

193 2739 251 2776 non
271 2723 427 2778 dominium
442 2723 572 2794 accipiat,
590 2725 641 2779 sed
658 2724 727 2779 illud
749 2725 849 2793 solum,
872 2724 949 2795 quod
969 2741 1002 2779 ex
1022 2724 1105 2779 bonis
1124 2725 1204 2780 eius.
1219 2765 1226 2778 .
1239 2765 1246 2778 .
1261 2727 1276 2780 .³
1309 2727 1343 2780 ln

194 2807 275 2862 other
288 2824 424 2877 passages
437 2807 561 2862 inbonis
574 2808 631 2862 and
644 2825 678 2862 ex
690 2807 773 2862 bonis
786 2825 834 2862 are
846 2818 896 2862 not
916 2807 1131 2878 distinguished,
1144 2827 1167 2863 e.
1179 2826 1204 2878 g.
1220 2807 1286 2878 Dig.
1302 2821 1342 2877 50.

197 2890 237 2944 16.
250 2905 305 2959 493
322 2905 364 2956 41.
383 2905 404 2944 r.
417 2906 470 2959 4²3
490 2903 532 2960 35.
546 2907 571 2946 2.
585 2906 627 2960 32.
644 2906 665 2959 1,
679 2891 771 2946 where
784 2891 813 2944 in
828 2890 911 2945 bonis
924 2892 976 2945 has
990 2893 1059 2946 such
1072 2909 1090 2946 a
1102 2891 1173 2946 wide
1187 2909 1269 2946 sense
1282 2893 1344 2946 that

194 2973 314 3042 nothing
326 2991 419 3028 seems
432 2984 461 3028 to
474 2974 510 3028 be
523 2974 572 3028 lest
585 2974 628 3028 lor
639 2991 674 3029 ex
685 2973 768 3028 bonis
781 2984 811 3028 to
824 2973 943 3028 include.
971 2975 1033 3029 The
1044 2974 1206 3029 distinction
1216 2976 1344 3030 between

194 3057 242 3110 the
255 3074 374 3126 persons
387 3059 450 3111 who
463 3057 546 3112 could
559 3075 610 3112 sue
623 3074 659 3111 on
677 3057 757 3124 then,
767 3057 825 3112 and
833 3059 916 3112 those
928 3058 992 3111 who
1005 3058 1088 3112 could
1102 3076 1151 3114 sue
1164 3075 1201 3112 on
1214 3059 1344 3127 robbery,

195 3156 288 3195 seems
301 3151 331 3194 to
344 3141 450 3195 consist
464 3140 492 3194 in
505 3142 554 3196 the
567 3139 730 3211 depositary
741 3140 828 3210 being
840 3140 869 3195 in
885 3158 964 3196 some
977 3158 1058 3196 cases
1071 3142 1189 3196 allowed
1202 3143 1251 3197 the
1263 3143 1345 3196 latter

195 3224 287 3278 where
300 3225 336 3278 he
349 3224 433 3279 could
446 3235 495 3278 not
508 3224 592 3293 bring
607 3225 656 3278 the
675 3224 779 3278 former
796 3224 899 3292 action,
912 3241 945 3277 or
957 3225 1079 3294 perhaps
1092 3225 1121 3278 in
1134 3242 1214 3280 some
1226 3241 1345 3294 persons

195 3307 299 3376 having
317 3308 365 3362 the
384 3307 459 3362 actio
477 3308 616 3360 bonorum
635 3306 663 3360 vi
681 3317 827 3375 raptorum
846 3307 917 3374 who,
930 3307 1038 3376 though
1052 3307 1205 3376 havingan
1219 3308 1344 3374 interest,

195 3389 268 3443 have
281 3406 318 3443 no
331 3391 389 3443 real
402 3389 485 3458 right,
500 3388 674 3459 possession,
689 3405 721 3441 or
739 3387 885 3442 detention
900 3408 907 3454 ;
927 3387 1037 3442 ‘utilius
1055 3388 1207 3444 dicendum
1226 3401 1278 3457 est,
1291 3391 1345 3445 etsi

196 3482 287 3526 cesset
306 3471 380 3526 actio
397 3471 462 3526 furti
482 3472 598 3526 obrem
617 3471 785 3540 depositam,
799 3487 862 3526 esse
882 3481 978 3525 tamen
997 3471 1024 3524 vi
1043 3471 1182 3526 bonorum
1200 3483 1345 3542 raptorum

195 3554 345 3623 actionem,
364 3555 431 3625 quia
449 3572 506 3608 non
525 3554 643 3608 minima
661 3553 821 3608 differentia
839 3563 882 3608 est
902 3553 974 3608 inter
993 3571 1067 3621 eum,
1080 3553 1127 3624 qui
1141 3555 1214 3608 clam
1228 3555 1303 3622 lacit,
1316 3566 1345 3610 et

195 3655 269 3706 eum,
280 3638 326 3708 qui
339 3638 421 3708 rapit,
434 3656 499 3693 cum
512 3638 558 3692 ille
571 3638 642 3692 celet
656 3655 737 3692 suum
751 3636 893 3704 delictum,
907 3636 952 3690 hic
965 3637 1088 3706 publicet
1098 3647 1126 3692 et
1140 3637 1245 3692 crimen
1259 3637 1346 3692 etiam

196 3721 339 3793 publicum
359 3722 498 3778 admittat.
537 3721 567 3776 Si
593 3721 655 3792 quis
678 3720 761 3790 igitur
780 3720 916 3776 interesse
941 3737 992 3775 sua
1017 3721 1061 3776 vel
1086 3721 1197 3776 modice
1223 3719 1345 3790 docebit,

197 3807 281 3862 debet
294 3806 399 3862 habere
412 3806 439 3860 vi
451 3805 590 3860 bonorum
604 3813 747 3876 raptorum
761 3803 917 3859 actionem’
931 3803 997 3874 Dig.
1010 3817 1052 3871 47.
1067 3805 1091 3859 8.
1105 3820 1129 3860 2.
1144 3820 1185 3872 24

232 3891 295 3945 The
314 3889 442 3945 criminal
460 3889 626 3945 alternative
642 3889 685 3944 sor
697 3889 745 3946 the
759 3887 823 3943 civil
835 3887 929 3941 action
942 3903 979 3941 on
993 3887 1114 3956 robbery
1126 3905 1183 3942 was
1197 3904 1233 3942 an
1247 3885 1347 3942 indict·

196 3985 275 4029 ment
284 3975 375 4028 under
384 3974 432 4030 the
442 3975 486 4028 lex
498 3973 570 4028 lulia
583 3974 619 4029 de
631 3972 667 4044 vi,
681 3972 723 4028 ior
735 3973 783 4028 the
796 3970 934 4043 penalties
947 3970 1072 4026 inflicted
1084 3971 1122 4042 by
1132 3971 1222 4026 which
1233 3988 1280 4026 see
1290 3970 1347 4026 Tit.

199 4062 239 4114 18.
254 4061 270 4114 8
283 4059 330 4113 inf.

232 4146 293 4198 uit.
306 4145 368 4198 111.
387 4141 462 4197 ‘Lex
475 4141 588 4212 Aquilia
601 4141 733 4196 omnibus
747 4139 865 4210 legibus,
876 4155 948 4210 quae
962 4147 1028 4193 ante
1041 4154 1072 4192 se
1082 4137 1117 4194 de
1128 4138 1233 4193 damno
1246 4133 1348 4194 iniuria

197 4227 308 4280 locutae
326 4235 401 4292 sunt,
420 4223 566 4294 derogavit
580 4222 745 4294 (repealed),
758 4223 817 4277 sive
835 4221 986 4276 duodecim
1003 4221 1106 4275 tabulis
1124 4221 1183 4276 sive
1200 4221 1257 4276 alia
1274 4238 1348 4292 quae

197 4309 258 4377 fuit,
277 4325 348 4380 quas
370 4309 447 4378 leges
467 4323 542 4362 nunc
564 4307 667 4362 referre
688 4324 745 4361 non
767 4317 810 4361 est
832 4323 957 4360 necesse.
996 4305 1076 4374 Quae
1096 4305 1140 4359 lex
1157 4304 1271 4375 Aquilia
1290 4305 1348 4374 ple·

197 4390 331 4450 biscitum
345 4399 399 4460 est,
411 4407 476 4446 cum
493 4407 558 4446 eam
575 4389 713 4462 Aquilius,
726 4389 854 4444 tribunus
872 4387 972 4458 plebis,
985 4405 1003 4443 a
1015 4387 1097 4458 plebe
1113 4386 1267 4457 rogaverit’
1281 4385 1347 4457 Dig.

199 4489 223 4544 ᾳ
238 4489 262 4530 2
279 4487 301 4532 t.
313 4489 377 4546 pur
392 4471 432 4532 its
443 4473 519 4544 date,
531 4473 685 4544 according
699 4483 730 4528 to
742 4472 925 4543 Theophilus,
939 4487 996 4526 was
1009 4471 1058 4526 the
1070 4469 1147 4526 third
1163 4469 1306 4526 secession
1319 4471 1353 4528 ol

199 4559 249 4622 the
258 4552 506 4645 pffiffllc.
517 4555 578 4630 287.
616 4557 679 4622 The
692 4567 778 4616 ternu
791 4555 824 4612 ot
835 4573 896 4630 cap.
911 4555 929 4612 i.
942 4571 989 4612 are
1002 4554 1154 4628 preserved
1165 4555 1204 4630 by
1217 4554 1307 4612 Gaius
1319 4553 1349 4614 in

378 4650 442 4697 h

562 4766 800 5118 -t,
863 5051 868 5058 ,
