3266 5188
156 449 206 497 m.
218 442 255 508 s]
555 443 616 498 ue
636 441 902 499 ncrrorvrsus.
1239 453 1303 523 529

203 608 362 674 Omnium
386 610 563 686 actionum,
578 611 698 692 quibus
715 612 800 675 inter
815 611 941 695 aliquos
962 614 1050 695 apud
1071 611 1195 677 iudices
1216 613 1331 679 arbi-l

156 723 266 776 trosve
289 715 332 777 de
354 735 485 797 quaque
501 735 535 778 re
556 715 733 798 quaeritur,
748 735 878 780 summa
899 717 1015 780 divisio
1038 717 1071 779 in
1095 718 1161 780 duo
1180 737 1303 799 genera

108 863 111 869 -
157 818 348 881 deducitur:
370 828 428 882 aut
446 819 534 881 enim
557 821 590 881 in
612 838 681 882 rem
702 828 780 882 sunt
802 830 860 884 aut
884 820 916 881 in
937 839 1122 902 personam.
1160 839 1304 902 namque

156 920 226 1002 agit
242 919 465 1004 unusquisque
480 931 538 985 aut
559 941 634 986 curn
654 943 703 997 eo,
719 923 774 1004 qui
794 924 824 985 ei
842 923 1008 1005 obligatus
1026 933 1076 987 est
1091 923 1143 986 vel
1160 944 1204 986 ex
1225 941 1303 986 con·

158 1033 264 1087 tractu
288 1025 340 1088 vel
371 1045 415 1089 ex
442 1026 613 1101 maleficio,
635 1047 702 1108 quo
726 1047 802 1090 casu
831 1029 982 1110 proditae
1004 1028 1151 1092 actiones
1174 1028 1207 1089 in
1229 1046 1304 1108 per-

157 1147 274 1190 sonam
297 1137 383 1207 sunt,
406 1149 465 1213 per
480 1149 562 1212 quas
585 1131 727 1194 intendit
749 1131 972 1194 adversarium
995 1131 1025 1194 ei
1047 1132 1128 1194 dare
1149 1139 1206 1194 aut
1225 1131 1305 1193 dare

157 1231 264 1295 facere
287 1244 439 1314 oportere
464 1245 498 1298 et
525 1235 596 1298 aliis
618 1236 814 1317 quibusdam
840 1235 965 1299 modis:
988 1243 1046 1299 aut
1065 1255 1140 1300 cum
1163 1255 1203 1298 eo
1224 1235 1303 1316 agit,

157 1337 214 1418 qui
230 1335 320 1399 nullo
339 1337 407 1401 iure
428 1339 457 1401 ei
481 1337 646 1419 obligatus
670 1346 728 1412 est,
752 1347 862 1402 movet
881 1347 992 1401 tamen
1016 1339 1112 1401 alicui
1130 1339 1173 1402 de
1194 1338 1305 1420 aliqua

158 1461 193 1504 re
223 1442 488 1505 controversiam.
525 1461 592 1524 quo
618 1461 696 1506 casu
723 1443 873 1524 proditae
895 1443 1042 1506 actiones
1065 1443 1097 1504 in
1125 1463 1194 1504 rem
1219 1449 1303 1504 sunt.

157 1543 258 1607 veluti
285 1545 312 1608 si
338 1565 407 1608 rem
433 1545 638 1627 corporalem
662 1545 831 1627 possideat
852 1545 935 1627 quis,
957 1566 1057 1627 quam
1079 1545 1187 1609 Titius
1209 1565 1304 1608 suam

159 1667 231 1710 esse
255 1648 404 1728 affirmet,
431 1659 465 1714 et
492 1657 661 1732 possessor
687 1650 858 1713 dominum
888 1669 924 1713 se
951 1670 1021 1713 esse
1044 1650 1153 1713 dicat:
1177 1667 1254 1712 narn
1277 1649 1304 1711 si

159 1751 267 1816 Titius
290 1772 383 1816 suam
406 1773 479 1816 esse
502 1753 662 1829 intendat,
679 1753 711 1816 in
733 1774 801 1816 rem
825 1752 912 1816 actio
934 1762 994 1816 est.
1038 1752 1159 1835 Aeque
1176 1752 1203 1815 si
1226 1761 1335 1834 agat2

159 1855 210 1918 ius
232 1855 294 1918 sibi
317 1876 389 1919 esse
411 1855 514 1920 fundo
537 1857 622 1921 sorte
646 1856 699 1920 vel
723 1856 860 1919 aedibus
882 1856 996 1921 utendi
1020 1855 1147 1919 fruendi
1167 1855 1220 1919 vel
1246 1876 1305 1937 per

158 1958 298 2022 fundum
310 1959 405 2022 vicini
422 1961 520 2024 eundi
536 1961 656 2042 agendi
668 1961 720 2024 vel
734 1982 777 2023 ex
789 1959 892 2023 fundo
903 1959 1001 2022 vicini
1016 1980 1137 2041 aquam
1153 1958 1305 2034 ducendi,

159 2063 192 2124 in
210 2083 277 2126 rem
293 2064 381 2127 actio
396 2075 456 2129 est.
487 2065 633 2128 eiusdem
647 2063 775 2149 generis
791 2074 841 2128 est
856 2063 942 2127 actio
954 2065 997 2128 de
1012 2064 1081 2128 iure
1097 2065 1306 2146 praediorum

159 2165 367 2245 urbanorum,
385 2167 487 2231 veluti
511 2169 538 2231 si
560 2178 639 2250 agat
662 2169 712 2231 ius
735 2167 796 2230 sibi
820 2187 892 2230 esse
912 2167 1010 2230 altius
1032 2168 1131 2231 aedes
1149 2188 1225 2230 suas
1243 2167 1307 2231 tol·

159 2267 248 2332 lendi
271 2271 533 2352 prospiciendive
552 2271 605 2335 vel
626 2271 806 2354 proiciendi
827 2270 952 2356 aliquid
973 2271 1028 2334 vel
1049 2271 1250 2334 immittendi
1273 2271 1306 2334 in

159 2373 257 2436 vicini
273 2375 381 2438 aedes.
418 2385 533 2439 contra
556 2396 688 2458 quoque
710 2377 754 2439 de
774 2396 834 2438 usu
850 2374 956 2438 fructu
979 2385 1013 2438 et
1034 2375 1076 2437 de
1096 2374 1307 2466 servitutibus

160 2477 370 2558 praediorum
392 2480 595 2554 rusticorum,
618 2480 698 2542 item
719 2478 926 2560 praediorum
952 2479 1149 2540 urbanorum
1168 2479 1306 2541 invicem

160 2599 292 2662 quoque
313 2583 465 2664 proditae
486 2594 562 2647 sunt
581 2583 736 2660 actiones,
755 2593 792 2646 ut
812 2583 885 2664 quis
907 2582 1056 2645 intendat
1079 2583 1128 2645 ius
1149 2602 1215 2645 non
1235 2602 1306 2646 esse

161 2685 349 2750 adversario
365 2689 480 2751 utendi
496 2687 633 2765 fruendi,
644 2687 743 2752 cundi
757 2687 877 2769 agendi
889 2707 1052 2768 aquamve
1063 2686 1215 2764 ducendi,
1227 2686 1307 2750 item

160 2788 259 2852 altius
276 2790 413 2854 tollendi
423 2791 642 2874 prospiciendi
652 2789 832 2874 proiciendi
841 2790 1059 2853 immittendi:
1082 2789 1165 2854 istae
1176 2809 1308 2872 quoque

160 2893 308 2957 actiones
335 2893 367 2957 in
390 2915 460 2958 rem
483 2905 568 2972 sunt,
584 2895 643 2958 sed
663 2893 843 2976 negativae.
880 2894 971 2975 quod
988 2913 1091 2976 genus
1113 2893 1251 2957 actionis
1275 2893 1308 2954 in

160 2999 389 3063 controversiis
405 3019 513 3062 rerum
525 3000 743 3083 corporalium
756 2999 923 3082 proditum
940 3019 1006 3060 non
1022 3006 1090 3061 est:
1114 3017 1192 3060 nam
1208 2997 1241 3058 in
1256 2995 1308 3058 his

160 3099 188 3163 is
210 3102 280 3184 agit
301 3103 358 3184 qui
382 3124 447 3166 non
470 3103 636 3185 possidet:
667 3103 790 3166 civero
812 3101 868 3184 qui
892 3101 1039 3183 possidet
1060 3121 1126 3164 non
1149 3110 1199 3165 est
1221 3099 1309 3164 actio

160 3207 301 3286 prodita,
318 3227 376 3288 per
390 3227 490 3288 quam
507 3215 606 3288 neget
627 3225 695 3268 rem
718 3206 838 3268 actoris
858 3224 940 3267 esse.
979 3223 1057 3267 sane
1078 3225 1145 3267 uno
1160 3224 1237 3267 casu
1253 3204 1309 3285 qui

160 3308 309 3388 possidet
323 3309 426 3372 nihilo
443 3309 551 3371 minus
566 3309 686 3372 actoris
701 3317 812 3390 partes
831 3307 969 3388 optinet,
986 3307 1070 3370 sicut
1091 3306 1123 3368 in
1139 3306 1310 3369 latioribus

196 3491 210 3558 §
225 3495 249 3546 1.
269 3493 331 3547 Tite
344 3491 507 3546 distinction
517 3493 549 3547 of
558 3491 667 3547 actions
678 3492 737 3547 into
750 3493 808 3546 real
820 3491 881 3546 and·
891 3492 1022 3561 personal
1035 3490 1058 3545 is
1071 3491 1161 3546 based
1174 3491 1202 3545 in
1219 3490 1309 3558 origin

161 3591 198 3628 on
211 3574 362 3629 difference
375 3575 408 3629 of
422 3575 542 3631 formula
555 3577 710 3644 (Excursus
726 3577 753 3629 X
767 3575 835 3644 inl),
848 3585 878 3629 to
891 3575 982 3629 which
1001 3575 1080 3629 there
1099 3573 1123 3628 is
1141 3591 1178 3629 an
1191 3573 1310 3628 obvious

161 3658 303 3713 reference
316 3658 344 3712 in
358 3659 521 3729 Justinian’s
534 3658 626 3713 words
640 3657 779 3714 ‘intendit
792 3699 798 3713 .
813 3697 837 3712 ..
852 3658 920 3714 dare
938 3659 1030 3712 lacere
1050 3658 1196 3727 oportere,'
1208 3657 1216 3684 ‘
1226 3655 1309 3726 (rem)

161 3759 242 3796 suam
261 3759 324 3798 esse
342 3741 488 3811 intendat,’
500 3743 601 3808 which,
614 3743 752 3811 however,
765 3743 838 3798 have
858 3759 895 3797 no
914 3741 1207 3811 technical'meaning
1219 3739 1248 3796 in
1262 3741 1310 3797 the

161 3835 227 3895 text,
239 3826 290 3882 but
309 3827 415 3896 merely
428 3826 557 3882 describe
575 3826 604 3881 in
622 3827 737 3896 general
755 3837 842 3881 tenus
860 3827 909 3880 the
927 3824 1070 3896 plaintiii’s
1089 3825 1261 3894 contention,
1279 3842 1310 3880 as

161 3910 313 3980 expressed
332 3909 360 3964 in
379 3910 428 3965 the
440 3909 551 3966 libellus
563 3909 767 3978 conventionis,
780 3925 813 3963 or
824 3908 884 3964 writ
897 3909 930 3964 of
944 3923 1090 3962 summons
1107 3908 1146 3977 by
1158 3908 1248 3962 which
1262 3909 1311 3963 the

161 3991 255 4046 action
269 4010 325 4047 was
339 3993 535 4049 commenced.
574 3993 665 4048 Other
677 3991 853 4056 differences,
866 4009 891 4047 e.
899 4009 926 4061 g.
941 3991 969 4047 in
982 3991 1146 4061 procedure,
1156 3991 1213 4045 and
1223 3990 1251 4045 in
1262 3991 1310 4046 the

161 4085 260 4130 nature
273 4076 306 4129 os
320 4077 367 4131 the
386 4075 508 4145 security
520 4086 550 4130 to
564 4076 601 4130 be
618 4075 702 4144 given
721 4075 759 4144 by
771 4076 819 4130 the
832 4074 937 4144 parties
951 4075 1017 4144 (Tit.
1034 4089 1062 4128 11
1079 4073 1147 4143 ini),
1161 4075 1233 4130 have
1246 4091 1309 4128 now

161 4157 358 4228 disappeared,
371 4159 428 4214 and
441 4176 459 4213 a
470 4159 529 4214 real
543 4159 638 4214 differs
650 4159 723 4212 from
736 4175 754 4213 a
772 4159 904 4229 personal
917 4157 1010 4213 action
1024 4158 1091 4227 only
1108 4156 1136 4212 iu
1149 4159 1197 4213 the
1211 4167 1310 4212 nature

161 4239 194 4293 os
202 4243 250 4296 the
263 4241 337 4311 right
350 4243 392 4295 lor
405 4242 499 4297 whose
512 4241 670 4312 protection
684 4240 705 4296 it
718 4241 741 4296 is
753 4242 875 4310 brought
888 4261 894 4296 ε
913 4241 961 4296 the
972 4239 1132 4311 opposition
1145 4240 1169 4295 is
1181 4240 1310 4296 material

161 4325 236 4393 only,
249 4335 299 4380 not
312 4325 421 4380 formal.
459 4327 484 4380 lt
498 4325 552 4379 will
564 4326 601 4381 be
614 4325 702 4379 found
715 4325 776 4380 that
790 4325 818 4378 in
833 4321 847 4395 §
860 4339 895 4379 20
907 4324 955 4380 inf.
968 4323 1108 4393 Justinian
1122 4323 1278 4393 interposes
1292 4341 1309 4378 a

161 4401 237 4457 third
256 4403 492 4460 class-actiones
511 4403 780 4461 mixtae-between
799 4404 909 4459 actions
922 4401 1013 4458 which
1026 4419 1074 4457 are
1086 4402 1144 4457 real
1158 4401 1215 4456 and
1228 4402 1310 4458 those

162 4485 254 4542 which
265 4504 313 4542 are
326 4488 466 4558 personal.

198 4567 256 4642 52.
276 4563 333 4626 l‘or
352 4571 400 4628 the
420 4571 510 4644 rights
529 4581 558 4628 to
578 4569 669 4626 which
686 4570 735 4626 the
752 4571 892 4629 remedies
910 4569 1059 4627 described
1079 4567 1108 4624 in
1126 4567 1182 4625 this
1202 4567 1310 4626 section

125 4738 291 5000 Δ
696 4671 776 4724 ,ω

97 5082 299 5102 J.—
