3268 5142
166 429 214 478 T„
226 422 277 491 u]
558 422 620 476 DE
640 421 923 478 merorem.
1249 429 1313 500 595

165 589 293 674 pignori
323 588 449 653 futuras
478 587 668 671 pepigisset.
729 586 938 651 Retinendae
970 589 1184 670 possessionis
1214 604 1343 658 causat

165 702 356 777 comparata
381 701 457 756 sunt
487 691 661 754 interdicta
688 690 737 753 uti
762 691 937 772 possidetis
963 701 996 756 et
1023 693 1140 770 utrubi,
1168 713 1243 756 cum
1269 693 1312 756 ab

165 810 304 881 utraque
328 807 421 880 parte
444 795 487 860 de
511 795 710 878 proprietate
735 793 870 858 alicuius
894 795 939 858 rei
965 797 1186 860 controversia
1213 799 1256 860 sit
1278 807 1313 862 et

165 913 242 966 ante
264 901 440 985 quaeritur,
460 908 534 963 uter
557 919 600 961 ex
624 898 845 980 litigatoribus
866 899 1034 980 possidere
1053 910 1086 964 et
1109 909 1182 964 uter
1200 909 1312 983 petere

166 1007 297 1070 debeat.
353 1023 496 1086 namque
520 1001 582 1066 nisi
604 1011 681 1066 ante
705 1001 916 1084 exploratum
942 1002 1046 1081 suerit,
1069 1005 1173 1068 utrius
1199 1025 1312 1068 eorum

166 1109 330 1192 possessio
346 1108 397 1186 sit,
413 1128 479 1170 non
501 1114 611 1190 potest
632 1105 785 1186 petitoria
805 1107 892 1169 actio
912 1105 1047 1186 institui,
1063 1107 1140 1190 quia
1161 1117 1194 1172 et
1212 1108 1313 1172 civilis

167 1223 200 1278 et
223 1213 380 1277 naturalis
398 1212 481 1275 ratio
502 1210 589 1287 iacit,
612 1217 649 1273 ut
671 1209 752 1272 alius
778 1209 956 1292 possideat,
980 1209 1062 1274 alius
1082 1233 1103 1275 a
1125 1212 1314 1294 possidente

167 1325 268 1400 petat.
313 1326 346 1381 et
369 1317 446 1400 quia
469 1315 568 1397 longe
591 1313 798 1377 commodius
821 1322 870 1376 est
893 1315 1060 1395 possidere
1082 1317 1192 1397 potius
1215 1335 1314 1398 quarn

166 1432 287 1504 petere,
304 1420 378 1483 ideo
393 1419 587 1502 plerumque
602 1425 636 1480 et
651 1415 718 1479 iere
737 1436 868 1498 semper
882 1416 997 1498 ingens
1013 1418 1129 1482 existit
1147 1419 1315 1484 contentio

167 1525 209 1589 de
225 1526 295 1607 ipsa
311 1523 525 1606 possessione.
571 1521 783 1584 commodum
807 1529 918 1582 autern
939 1521 1127 1602 possidendi
1149 1522 1182 1584 in
1199 1543 1238 1586 eo
1254 1533 1314 1595 est,

167 1629 266 1710 quod,
291 1629 420 1692 etiamsi
451 1627 520 1690 eius
545 1646 596 1688 res
622 1645 687 1687 non
712 1625 755 1688 sit
779 1624 836 1705 qui
862 1625 1017 1706 possidet,
1041 1624 1068 1687 si
1095 1626 1196 1688 modo
1222 1636 1315 1689 actor

167 1753 234 1796 non
251 1733 395 1814 potuerit
414 1750 507 1794 suam
530 1749 602 1792 esse
622 1727 770 1810 probare,
792 1737 941 1791 remanet
960 1748 1019 1791 suo
1034 1727 1108 1792 loco
1130 1729 1313 1810 possessio:

167 1845 417 1918 propterquam
437 1853 580 1911 causam,
601 1851 677 1896 cum
699 1832 838 1894 obscura
860 1832 926 1894 sint
948 1831 1117 1912 utriusque
1137 1830 1216 1906 iura,
1237 1851 1314 1895 con-

167 1949 218 2003 tra
240 1939 415 2022 petitorem
438 1938 573 2002 iudicari
594 1935 688 1999 solet.
735 1933 803 1999 Sed
824 1935 998 1998 interdicto
1018 1936 1151 2017 quidem
1175 1937 1222 1998 uti
1238 1955 1314 2017 pos·

166 2043 281 2106 sidetis
306 2044 348 2106 de
374 2042 466 2106 fundi
490 2039 544 2105 vel
570 2041 702 2104 aedium
727 2037 935 2121 possessione
960 2039 1178 2114 contenditur,
1204 2039 1315 2103 utrubi

166 2168 244 2211 vero
274 2147 449 2211 interdicto
478 2145 520 2209 de
551 2164 659 2207 rerum
695 2143 865 2205 mobilium
901 2142 1116 2224 possessione.
1174 2162 1314 2224 quorum

166 2250 215 2314 vis
238 2259 272 2314 et
295 2259 442 2333 potestas
464 2248 640 2332 plurimam
664 2248 749 2310 inter
772 2267 807 2309 se
831 2246 1051 2310 differentiam
1073 2246 1162 2328 apud
1187 2256 1316 2310 veteres

166 2354 333 2418 habebat:
360 2374 437 2418 nam
464 2353 511 2418 uti
542 2351 717 2435 possidetis
748 2350 922 2414 interdicto
949 2351 976 2412 is
1000 2350 1159 2426 vincebat,
1185 2350 1241 2431 qui
1268 2350 1317 2412 in-

166 2458 297 2523 terdicti
322 2467 471 2540 tempore
494 2455 696 2540 possidebat,
724 2454 751 2517 si
779 2454 879 2517 modo
906 2473 966 2516 nec
995 2453 1026 2515 vi
1058 2473 1118 2516 nec
1144 2452 1229 2516 clam
1255 2473 1317 2518 nec

166 2562 314 2646 precario
339 2571 478 2625 nanctus
505 2559 609 2624 iuerat
633 2558 676 2622 ab
699 2557 884 2622 adversario
910 2556 1160 2640 possessionem,
1186 2555 1316 2620 etiarnsi

167 2666 269 2729 alium
290 2666 321 2729 vi
343 2665 508 2748 expulerit
528 2661 690 2728 antelam
712 2661 891 2744 abripuerit
912 2659 1054 2724 alienam
1075 2661 1317 2741 possessionem

167 2777 225 2833 aut
255 2770 402 2850 precario
432 2776 606 2850 rogaverat
640 2766 794 2847 aliquem,
825 2773 861 2828 ut
893 2765 954 2827 sibi
984 2764 1155 2846 possidere
1184 2763 1317 2828 liceret:

167 2872 277 2936 utrubi
300 2893 378 2936 vero
400 2871 574 2936 interdicto
598 2870 625 2934 is
642 2869 803 2948 vincebat,
819 2869 875 2950 qui
895 2869 1017 2932 maiore
1037 2879 1131 2950 parte
1151 2868 1220 2932 eius
1241 2869 1318 2931 anni

168 2996 229 3040 nec
244 2976 276 3039 vi
292 2997 352 3040 nec
368 2975 454 3040 clam
471 2995 531 3039 nec
547 2975 694 3058 precario
709 2973 751 3037 ab
767 2973 953 3036 adversario
974 2973 1175 3054 possidebat.
1220 2971 1320 3036 hodie

167 3088 280 3144 tamen
310 3081 406 3144 aliter
435 3079 644 3143 observatur:
669 3098 746 3141 nam
776 3077 946 3159 utriusque
976 3077 1140 3140 interdicti
1172 3083 1320 3158 potestas

167 3192 330 3265 quantum
360 3185 402 3247 ad
434 3183 676 3266 possessionem
707 3181 850 3264 pertinet
880 3190 1068 3261 exaequata
1106 3189 1166 3254 est,
1197 3189 1234 3242 ut
1263 3178 1320 3242 ille

167 3287 277 3351 vincat
300 3296 334 3350 et
357 3287 389 3349 in
413 3307 447 3350 re
470 3286 530 3350 soli
554 3295 587 3350 et
610 3287 643 3349 in
665 3307 700 3349 re
723 3285 846 3363 mobili,
862 3283 917 3366 qui
940 3285 1181 3366 possessionem
1205 3303 1265 3345 nec
1287 3283 1319 3345 vi

168 3410 228 3454 nec
249 3390 334 3454 clam
356 3410 417 3454 nec
440 3389 586 3473 precario
606 3389 650 3454 ab
671 3389 857 3454 adversario
881 3386 947 3450 litis
967 3385 1216 3450 contestationis
1234 3394 1318 3448 tern-

167 3634 283 3688 κολωνοῦ
300 3638 438 3705 πράγματα
457 3631 619 3702 κινηθήσεται
637 3633 665 3685 τὸ
678 3631 847 3695 Σαλβιάνειον
858 3629 1013 3699 ι’ντέρδικτον
1034 3627 1183 3698 Theoph.;
1201 3627 1235 3682 cf.
1251 3625 1318 3696 Dig.

167 3731 210 3785 43.
224 3731 268 3786 33.
284 3731 295 3771 1
312 3717 330 3786 (⁴
338 3727 366 3772 et
379 3717 515 3772 adversus
534 3726 683 3771 extraneos
696 3756 703 3770 .
718 3753 725 3768 .
738 3755 744 3768 .
759 3713 820 3768 dari
840 3712 953 3768 debebit
963 3711 1000 3781 '):
1020 3712 1128 3782 though
1141 3711 1212 3766 Cod.
1225 3711 1250 3766 8.
1263 3725 1289 3780 9.
1305 3726 1316 3765 1

168 3800 191 3854 is
217 3800 465 3856 irreconcileable:
485 3799 560 3854 ‘non
582 3797 732 3854 interdicto
750 3796 893 3866 Salviano,
911 3795 940 3850 id
959 3795 1035 3852 enim
1053 3793 1251 3851 tantummodo
1270 3793 1319 3850 ad·

168 3900 265 3940 versus
279 3885 480 3940 conductorem
494 3883 687 3938 debitoremve
700 3881 852 3951 competit!

203 3967 295 4023 Other
307 3968 450 4036 examples
463 3967 496 4022 oi
505 3965 651 4021 interdicts
664 3963 865 4034 adipiscendae
878 3961 1068 4034 possessionis
1081 3961 1164 4033 given
1177 3963 1216 4032 by
1230 3959 1318 4018 Gaius

169 4051 216 4120 (iv.
232 4049 328 4118 145-6)
342 4067 390 4105 are
408 4051 490 4105 those
509 4049 600 4105 called
619 4046 825 4118 possessorium
844 4047 902 4102 and
921 4046 1082 4116 sectorium,
1095 4047 1143 4101 the
1161 4046 1220 4100 first
1234 4045 1321 4115 being

168 4135 217 4189 the
236 4134 354 4204 remedy
372 4134 403 4188 of
420 4135 468 4189 the
489 4133 601 4204 highest
620 4131 722 4186 bidder
741 4130 769 4184 in
790 4132 838 4186 the
857 4131 1036 4200 bankruptcy
1053 4129 1210 4201 procedure
1229 4129 1320 4184 called

167 4219 308 4272 bonorum
321 4216 455 4286 venditio,
466 4233 492 4288 p.
507 4229 558 4286 375
572 4233 657 4287 supr,
669 4216 718 4271 the
731 4215 838 4270 second
846 4215 908 4270 that
921 4213 953 4268 oi
962 4215 1010 4269 the
1023 4224 1116 4270 sector
1128 4230 1160 4268 or
1167 4213 1321 4284 purchaser

168 4311 198 4356 at
211 4319 229 4356 a
242 4310 315 4356 state
328 4300 451 4356 auction.

206 4382 220 4453 5
239 4387 269 4440 4.
292 4384 433 4454 Opinions
455 4385 529 4438 have
550 4383 668 4439 differed
690 4400 757 4452 very
779 4381 864 4436 much
885 4398 916 4435 as
939 4390 968 4434 to
988 4381 1037 4436 the
1057 4390 1119 4434 true
1141 4389 1240 4434 nature
1262 4379 1320 4434 and

168 4485 291 4539 purpose
313 4467 345 4522 of
359 4469 408 4524 the
427 4466 574 4522 interdicts
596 4466 635 4521 uti
659 4465 811 4536 possidetis
828 4465 886 4519 and
902 4463 1004 4518 utrubi.
1042 4465 1068 4518 lt
1082 4463 1136 4517 will
1154 4465 1226 4517 have
1246 4464 1319 4518 been

169 4551 287 4608 obvious
299 4553 372 4608 from
385 4552 433 4608 the
446 4560 566 4608 account
579 4550 663 4622 given
674 4550 706 4604 of
714 4550 792 4603 them
806 4549 833 4603 in
847 4566 864 4604 a
877 4547 1030 4618 preceding
1039 4556 1106 4602 note
1119 4563 1155 4602 on
1169 4546 1225 4602 this
1236 4547 1319 4617 Title,

693 4651 790 4722 qu
