3152 5164
145 958 300 1013 DOMINI
325 957 472 1012 NOSTRI
501 954 731 1012 IUSTINIANI
760 955 973 1010 PERPETUO
999 955 1180 1010 AUGUSTI

89 1201 555 1305 INSIIIUTIONUM
608 1201 739 1302 SIVE
789 1199 1240 1301 ELEMENTORUM

91 1533 382 1586 COMPOSITORUM
400 1533 469 1583 PER
488 1531 753 1584 TRIBONIANUM
770 1531 893 1584 VIRUM
912 1531 1106 1584 EXCELSUM
1124 1531 1242 1583 IURIS·

142 1653 218 1716 QUE
236 1651 490 1703 DOCTISSIMUM
506 1651 728 1701 MAGISTRUM
743 1652 790 1700 ET
804 1651 1072 1715 EXQUAESTORE
1085 1651 1191 1700 SACRI

192 1767 342 1818 PnLnTn
361 1766 409 1818 ET
427 1767 677 1818 THEOPHILUM
687 1769 810 1818 VIRUM
829 1767 1068 1818 MAGNIFICUM
1087 1767 1143 1817 IU-

230 1887 288 1936 RIS
302 1885 469 1936 PERITUM
488 1885 535 1934 ET
546 1885 835 1936 ANTECESSOREM
851 1885 967 1936 HUIUS
982 1885 1110 1934 ALMAE

268 2002 377 2052 URBIS
404 2002 450 2051 ET
477 2001 714 2052 DOROTHEUM
741 2002 864 2052 VIRUM
891 1999 1068 2050 MAGNIFI-

301 2117 379 2169 CUM
397 2117 664 2183 QUAESTORIUM
683 2115 784 2170 IURIS
802 2117 969 2168 PERITUM
988 2118 1035 2167 ET

385 2235 673 2287 ANTECESSOREM
693 2235 955 2287 BERIITENSIUM

476 2351 652 2404 INCLITAE
678 2351 862 2404 CIVITATIS

449 2679 616 2756 LIBER
661 2683 879 2760 PRIMUS.

652 2905 678 2969 1.

449 3066 499 3116 uu
522 3065 689 3118 lusrmn
711 3067 760 3116 ET
782 3066 884 3120 1uuu.

138 3199 267 3264 Iustitia
287 3207 337 3263 est
359 3206 514 3263 constans
535 3207 569 3262 ct
590 3207 749 3281 perpetua
764 3200 918 3265 voluntas
938 3200 987 3264 ius
1010 3221 1104 3264 suum
1125 3201 1241 3283 cuique
1258 3210 1271 3264 1

91 3301 248 3367 tribuens.
305 3303 388 3366 iuris
418 3302 593 3384 prudentia
619 3311 669 3365 est
696 3303 879 3368 divinarum
902 3315 1003 3388 atque
1025 3305 1242 3368 humanarum

92 3427 198 3468 rerum
215 3407 341 3483 notitia,
357 3405 433 3469 iusti
449 3414 550 3486 atque
565 3405 674 3468 iniusti
690 3407 837 3469 scientia.

138 3509 199 3573 His
213 3508 409 3592 generaliter
425 3507 565 3590 cognitis
580 3515 613 3570 et
629 3506 859 3590 incipientibus
878 3511 973 3574 nobis
992 3531 1159 3594 exponere
1175 3512 1243 3574 iura
1257 3522 1273 3576 2

92 3615 205 3696 populi
234 3611 376 3677 Romani
408 3612 456 3676 ita
490 3611 638 3676 maxime
666 3611 820 3676 videntur
852 3633 950 3695 posse
979 3616 1065 3679 tradi
1095 3635 1243 3679 commo·

93 3717 234 3796 dissime,
253 3717 279 3781 si
300 3717 407 3800 prImo
431 3715 494 3780 levi
518 3735 556 3780 ac
580 3714 728 3799 simplici,
752 3725 828 3798 post
852 3717 973 3781 deinde
991 3717 1243 3799 diligentissima

94 3831 192 3903 atque
208 3821 419 3886 exactissima
438 3819 708 3904 interpretatione
727 3820 854 3903 singula
872 3821 1054 3884 tradantur.
1098 3819 1244 3901 alioquIn

95 3927 121 3988 si
137 3927 249 3990 statim
265 3927 308 3989 ab
325 3926 418 3989 initio
441 3927 556 3990 rudem
579 3923 687 3989 adhuc
703 3933 736 3988 et
752 3925 918 3988 infirmum
941 3927 1087 3989 animum
1106 3923 1243 3988 studiosi

96 4027 303 4092 multitudine
322 4047 360 4092 ac
375 4029 534 4094 varietate
550 4049 657 4093 rerum
680 4030 932 4104 oneraverimus,
948 4031 1087 4093 duorum
1103 4027 1243 4092 alterum

96 4141 151 4196 aut
172 4131 373 4196 desertorem
397 4133 579 4198 studiorum
602 4133 780 4198 efficiemus
805 4144 864 4198 aut
888 4153 963 4198 cum
991 4153 1111 4216 magno
1131 4131 1245 4195 labore

130 4333 224 4385 unct
246 4329 292 4384 On
309 4329 390 4385 these
410 4329 571 4386 definitions
584 4330 617 4385 oi
627 4329 731 4402 justice
748 4329 806 4386 and
821 4329 1036 4402 jurispmdence
1055 4347 1103 4386 see
1121 4329 1244 4385 Generai

99 4413 299 4482 Introduction,
309 4431 336 4484 p.
353 4427 393 4484 53,
407 4429 482 4484 supr.
520 4415 582 4469 Tne
593 4415 652 4469 first
665 4413 689 4470 is
702 4431 735 4471 as
747 4413 797 4470 old
808 4429 841 4470 as
854 4412 1016 4470 Simonides
1031 4413 1074 4484 (τὰ
1086 4413 1245 4484 munitm

96 4500 195 4571 ἑκάστῳ
212 4497 362 4552 ἀποδιδόναι
381 4497 479 4552 δίκαιόν
497 4497 564 4566 ἐστι,
576 4497 652 4554 cited
667 4497 696 4554 iu
712 4499 805 4572 Phoc,
816 4497 889 4572 λη.
901 4495 948 4570 iit
967 4497 1011 4553 Ior
1022 4498 1099 4554 close
1111 4497 1243 4569 paralleis

97 4583 128 4638 cf.
144 4581 201 4638 Cic.
214 4581 250 4637 de
264 4581 326 4638 Fin.
339 4599 364 4638 v.
379 4595 422 4652 23,
434 4581 471 4638 de
484 4580 540 4638 off.
553 4581 571 4638 i.
585 4595 610 4652 2,
622 4579 660 4638 tit
674 4593 702 4641 2.
779 4606 896 4784 Ι
