3274 5152
190 432 241 488 Tit.
256 424 306 495 16.]
418 425 479 484 DE
499 427 731 486 PUPILLARI
747 428 772 484 S
776 426 926 485 UBSTIT
930 429 984 485 UT
983 427 1097 488 lONE.
1273 423 1335 508 263

188 613 274 676 quae
297 603 474 685 ppstquam
494 593 638 678 pupillus
658 593 840 658 adoleverit
860 593 1051 662 infirmatur.
1097 595 1203 679 Igitur
1217 595 1250 660 in
1273 605 1364 680 pu-2

187 697 295 778 pillari
310 699 543 763 substitutione
555 698 737 762 secundum
753 697 936 780 praelatum
949 701 1086 763 modum
1101 701 1253 766 ordinata
1268 702 1335 764 duo

161 791 438 883 'quodammodo
464 811 540 866 sunt
566 811 776 877 testamenta,
801 803 941 868 alterum
968 805 1078 886 patris,
1101 805 1243 870 alterum
1269 804 1336 883 filii,

187 909 359 988 tamquam
385 907 413 970 si
442 908 513 989 ipse
540 906 625 971 filius
648 907 709 971 sibi
735 907 890 972 heredem
913 909 1129 973 instituisset:
1163 919 1222 976 aut
1247 918 1336 976 certe

187 1025 289 1073 unum
308 1019 359 1075 est
374 1020 611 1076 testamentum
627 1013 766 1076 duarum
782 1033 962 1091 causarum,
975 1013 1008 1076 id
1024 1023 1074 1077 est
1089 1013 1228 1078 duarum
1243 1013 1336 1078 here*

186 1112 339 1178 ditatum.
385 1113 446 1179 Sin
466 1125 578 1179 autem
600 1116 674 1198 quis
696 1116 744 1180 ita
763 1116 994 1180 formidolosus
1012 1118 1064 1194 sit,
1082 1127 1120 1180 ut
1135 1117 1276 1193 timeret,
1293 1129 1366 1190 nea

186 1214 271 1280 filius
297 1218 367 1280 eius
396 1217 540 1300 pupillus
566 1218 676 1283 adhuc
708 1239 759 1284 ex
782 1241 831 1294 eo,
859 1219 947 1302 quod
978 1219 1089 1302 palam
1118 1221 1336 1286 substitutum

185 1321 320 1404 accepit,
351 1332 428 1404 post
457 1323 585 1386 obitum
615 1325 683 1386 eius
718 1324 862 1406 periculo
893 1324 1083 1388 insidiarum
1115 1325 1335 1390 subiceretur:

184 1423 353 1506 vulgarem
380 1426 514 1507 quidem
542 1425 810 1490 substitutionem
840 1427 952 1509 palam
976 1427 1084 1491 iacere
1111 1436 1144 1491 et
1166 1427 1200 1490 in
1222 1429 1336 1510 primis

185 1528 377 1590 testamenti
400 1528 550 1609 partibus
576 1529 685 1606 debet,
715 1529 807 1593 illam
836 1540 948 1593 autem
975 1529 1253 1608 substitutionem,
1277 1551 1336 1614 per

184 1647 285 1710 quam
301 1639 335 1694 et
350 1631 377 1693 si
392 1629 489 1694 heres
504 1633 652 1696 extiterit
672 1632 815 1714 pupillus
835 1642 868 1697 et
890 1633 975 1696 intra
995 1633 1206 1715 pubertatem
1221 1633 1335 1698 deces.

186 1733 264 1795 serit
289 1733 487 1798 substitutus
513 1745 658 1813 vocatur,
688 1736 865 1818 separatim
891 1738 924 1799 in
955 1735 1158 1800 inferioribus
1187 1737 1336 1818 partibus
1436 1725 1438 1728 ’

185 1835 326 1900 scribere
345 1857 485 1919 eamque
504 1848 634 1920 partem
652 1839 784 1922 proprio
804 1837 871 1902 lino
891 1841 1089 1921 propriaque
1111 1859 1185 1903 cera
1206 1842 1335 1922 consig-
1360 1843 1365 1852 ’

185 1955 264 2002 nare
280 1949 314 2004 et
329 1941 362 2002 in
377 1941 485 2022 priore
499 1952 594 2024 parte
614 1944 805 2006 testamenti
825 1963 948 2022 cavere,
963 1963 1006 2006 ne
1020 1943 1187 2007 inferiores
1202 1943 1336 2010 tabulae

183 2044 258 2106 vivo
274 2043 341 2108 filio
357 2054 391 2108 et
405 2045 514 2110 adhuc
532 2047 705 2128 impubere
723 2047 922 2129 aperiantur.
966 2046 1047 2110 illud
1068 2047 1179 2130 palam
1202 2058 1335 2115 estnon
1379 2084 1386 2094 ·

184 2147 260 2212 ideo
276 2147 382 2214 rriinus
391 2149 500 2214 valere
515 2151 785 2216 substitutionem
797 2151 977 2234 impuberis
992 2151 1058 2230 lilii,
1074 2152 1163 2233 quod
1179 2153 1212 2214 in
1228 2153 1335 2216 isdem

183 2251 306 2316 tabulis
330 2255 454 2337 scripta
478 2256 529 2334 sit,
555 2255 675 2338 quibus
698 2256 763 2320 sibi
787 2257 926 2339 quisque
951 2254 1107 2320 heredem
1130 2257 1335 2336 instituisset,

184 2356 335 2437 quamvis
364 2357 428 2422 hoc
457 2359 583 2442 pupillo
613 2360 834 2444 periculosum
864 2361 916 2426 sit.
976 2361 1054 2424 Non
1084 2359 1190 2425 solum
1220 2370 1365 2426 autem4

182 2457 359 2526 heredibus
375 2463 534 2527 institutis
544 2464 769 2544 impuberibus
785 2464 896 2529 liberis
912 2465 958 2529 ita
970 2464 1169 2529 substituere
1180 2474 1335 2546 parentes
1401 2485 1403 2490 ·

181 2574 328 2646 possunt,
351 2575 389 2629 ut
415 2575 450 2630 et
475 2567 502 2631 si
525 2565 664 2633 heredes
691 2567 737 2632 eis
764 2568 937 2632 extiterint
964 2577 998 2632 et
1024 2577 1102 2632 ante
1124 2567 1335 2649 pubertatem

183 2669 303 2732 mortui
319 2668 448 2745 luerint,
470 2670 513 2734 sit
533 2673 580 2735 eis
600 2661 744 2737 heres'is
760 2691 863 2754 -quem
883 2671 946 2754 ipsi
961 2669 1132 2746 voluerint,
1152 2671 1211 2735 sed
1233 2672 1335 2736 etiam

182 2881 287 2952 special
306 2879 475 2951 permission
489 2884 562 2937 from
581 2885 630 2940 the
649 2887 789 2955 Emperor
807 2901 825 2938 a
843 2883 935 2939 father
953 2883 1042 2954 might
1059 2900 1144 2938 name
1157 2896 1193 2938 an
1211 2883 1275 2938 heir
1291 2882 1335 2938 fot

181 2982 200 3020 a
221 2965 298 3020 child
319 2967 381 3020 who
402 2983 459 3020 was
480 2983 516 3021 on
537 2968 619 3023 other
643 2967 767 3038 grounds
789 2967 919 3023 disabled
943 2967 1015 3021 from
1039 2965 1157 3036 making
1176 2983 1193 3020 a
1213 2965 1267 3020 will
1291 2965 1336 3022 for

181 3050 302 3118 himself,
315 3049 365 3104 but
384 3051 454 3105 such
473 3052 669 3122 appointment
687 3053 806 3108 became
819 3051 886 3106 void
904 3051 928 3105 if
942 3049 990 3106 the
1006 3049 1165 3121 incapacity
1178 3049 1290 3119 ceased,
1302 3067 1336 3106 or

181 3135 229 3188 the
242 3133 319 3187 child
331 3132 419 3188 bada
433 3151 500 3190 suus
513 3136 596 3191 heres
608 3136 680 3190 born
692 3146 723 3190 to
735 3135 803 3205 him,
817 3135 882 3205 Dig.
897 3136 937 3190 28.
952 3134 978 3190 6.
990 3149 1033 3203 43.
1047 3152 1087 3204 pr.

217 3218 276 3285 §2
302 3219 336 3272 ln
360 3234 403 3287 pr.
426 3219 475 3274 the
497 3219 664 3274 substitutus
689 3220 713 3274 is
738 3219 802 3274 said
825 3228 855 3273 to
879 3219 999 3273 become
1022 3217 1084 3273 heir
1108 3228 1138 3273 to
1162 3217 1211 3272 the
1239 3215 1334 3274 chi1d=

180 3301 282 3357 earlier
304 3302 454 3357 he·seems
478 3304 573 3357 rather
593 3311 623 3356 to
646 3303 720 3357 have
743 3302 817 3357 been
839 3301 977 3371 regarded
1002 3318 1034 3356 as
1059 3318 1207 3356 successor
1230 3311 1260 3356 to
1284 3303 1334 3358 the

180 3385 281 3449 father,
292 3385 330 3440 ‘si
341 3385 410 3439 mihi
423 3385 496 3439 filius
508 3383 641 3454 gignitur,
654 3385 734 3454 isque
746 3384 823 3454 prius
837 3383 954 3439 moritur
968 3384 1066 3454 [quam
1080 3384 1108 3439 in
1121 3402 1202 3439 suam
1215 3386 1333 3440 tutelam

180 3469 284 3535 veniat,
296 3467 347 3536 se]
366 3477 426 3521 turn
444 3477 475 3522 ut
494 3466 563 3520 mihi
581 3466 627 3521 ille
647 3465 683 3521 sit
701 3467 797 3520 heres’
811 3466 870 3521 Cic.
883 3466 919 3521 de
931 3475 1001 3521 orat.
1015 3481 1039 3520 2.
1054 3481 1099 3534 32,
1111 3468 1184 3522 ‘non
1202 3465 1268 3537 filio,
1281 3467 1333 3523 sed

180 3551 249 3607 sibi’
261 3553 298 3606 de
310 3549 413 3606 inient
429 3565 453 3606 2.
467 3565 517 3616 21;
535 3549 569 3604 cf.
585 3549 649 3619 Dig.
664 3562 705 3617 37.
725 3564 765 3603 11.
778 3549 801 3603 8.
819 3563 840 3603 1.

216 3633 279 3688 The
296 3633 436 3703 pupillary
452 3631 642 3702 substitution,
665 3649 697 3688 as
722 3649 842 3703 appears
866 3631 939 3689 from
959 3629 973 3702 ξ
990 3631 1077 3706 3inf.,
1099 3629 1189 3702 might
1207 3631 1244 3688 be
1266 3649 1332 3688 con-

179 3716 277 3773 tained
296 3717 324 3772 in
343 3734 361 3772 a
379 3727 509 3787 separate
528 3717 704 3786 instrument,
721 3733 753 3771 or
771 3734 842 3772 even
862 3715 891 3770 in
910 3734 928 3771 a
947 3726 1077 3786 separate
1090 3715 1153 3785 will,
1168 3714 1233 3785 Dig.
1248 3717 1291 3771 28.
1304 3715 1332 3771 6.

183 3799 225 3856 16.
243 3799 370 3870 1,ib.2o
388 3815 410 3868 r,
423 3800 531 3869 though
551 3797 579 3854 in
596 3801 645 3855 the
660 3801 743 3855 latter
760 3817 825 3854 ease
844 3800 893 3854 the
910 3801 1012 3869 pareds
1025 3797 1079 3853 will
1098 3808 1173 3853 must
1191 3797 1228 3853 be
1246 3799 1332 3855 made

180 3883 247 3953 first,
262 3884 327 3954 Dig.
341 3883 380 3942 ib.
393 3898 417 3938 2.
430 3897 467 3950 4:
486 3881 507 3944 it
526 3899 592 3952 was,
611 3884 750 3951 however,
769 3883 873 3952 always
892 3881 1032 3953 regarded
1048 3899 1080 3936 as
1096 3899 1115 3936 a
1131 3899 1207 3938 mere
1225 3899 1330 3952 appen-

179 3967 253 4038 dage
265 3968 298 4023 oi
306 3968 354 4022 the
367 3968 459 4036 latter,
472 3966 538 4026 with
551 3966 643 4023 which
656 3965 677 4020 it
690 3965 774 4021 stood
787 3982 819 4019 or
831 3965 887 4034 fell,
901 3966 916 4033 §
929 3977 946 4042 5
960 3964 1018 4033 ins,
1033 3964 1097 4036 Dig.
1113 3966 1154 4020 28.
1168 3965 1193 4020 6.
1208 3981 1246 4020 ro.
1259 3980 1287 4032 4.

215 4052 272 4118 td.
292 4051 381 4106 Gaius
400 4050 533 4106 observes
547 4050 585 4120 (ii.
603 4049 663 4119 181)
683 4051 745 4104 that
764 4047 784 4104 it
798 4067 855 4104 was
874 4049 917 4104 sar
935 4049 1010 4104 safer
1028 4059 1058 4104 to
1073 4049 1158 4104 make
1175 4049 1245 4104 both
1264 4048 1329 4104 sub-

179 4133 322 4190 stitutions
339 4135 367 4190 in
385 4144 515 4205 separate
532 4133 724 4202 instruments,
737 4134 827 4205 ‘quod
839 4151 873 4188 ex
889 4133 982 4204 priore
998 4131 1221 4203 [substitutione]
1234 4141 1329 4203 potest

179 4217 303 4288 intellegi
317 4217 346 4272 in
359 4219 448 4274 altera
460 4235 572 4290 quoque
585 4217 661 4272 idern
674 4235 737 4272 esse
750 4216 935 4272 substitutus!
971 4219 1028 4272 For
1043 4215 1225 4272 illustrations
1238 4215 1271 4271 oi
1279 4217 1328 4272 the
1416 4281 1419 4288 Ι

179 4303 287 4372 danger
300 4302 424 4357 referred
436 4313 466 4357 to
483 4319 532 4357 see
546 4299 605 4357 Cic.
617 4317 669 4371 pro
683 4301 793 4356 Cluent.
809 4317 849 4369 rr,
864 4303 986 4369 Horace,
1000 4301 1057 4355 Sat
1073 4315 1097 4355 2.
1113 4311 1136 4370 ς.
1148 4315 1192 4371 49,
1207 4299 1328 4369 Persius,

179 4387 239 4442 Sat.
253 4401 278 4440 2.
295 4400 335 4439 12.
351 4399 390 4454 13,
405 4384 565 4453 Suetonius,
580 4385 679 4439 Galba
694 4399 719 4454 9,
733 4383 799 4454 Dig.
813 4397 857 4452 27.
870 4399 895 4438 2.
912 4400 934 4439 r.
950 4401 960 4436 r
976 4403 983 4450 ;
1001 4384 1043 4450 48.
1061 4397 1102 4453 19.
1115 4398 1156 4453 39.

214 4466 229 4539 §
242 4471 271 4524 4
291 4469 354 4523 The
366 4467 440 4539 right
453 4467 486 4522 ol
494 4465 677 4537 substituting
695 4477 725 4522 to
741 4466 926 4524 disinherited
943 4465 1070 4522 children
1083 4482 1140 4524 was
1153 4464 1282 4522 doubtful
1298 4463 1327 4521 in

178 4553 227 4610 the
239 4551 308 4609 time
320 4551 354 4608 of
363 4551 472 4620 Cicero,
484 4551 520 4610 de
533 4551 638 4608 invent.
652 4565 675 4606 2.
687 4565 728 4607 21.
