3274 5152
278 427 341 499 250
478 422 582 478 INST
580 423 628 478 IT
630 421 686 478 UT
683 422 829 479 IONUM
846 421 965 478 LIBRI
983 421 1219 495 QUATTUOR.
1318 425 1382 490 [Lib.
1393 417 1426 477 n}

276 586 396 650 liberos
418 586 487 652 iure
509 587 594 653 civili
617 608 726 670 neque
747 586 885 652 heredes
908 587 1078 653 instituere
1096 609 1204 672 neque
1224 585 1426 652 exheredare

277 685 417 755 necesse¹
438 701 498 768 est,
522 692 601 774 quia
626 711 693 755 non
719 700 797 756 sunt
823 692 873 756 sui
893 691 1041 758 heredes.
1072 693 1131 756 sed
1156 700 1289 774 praetor
1310 709 1428 755 omnes

276 803 347 858 tam
362 793 510 859 seminini
533 816 633 879 quam
650 795 820 860 masculini
841 816 950 874 sexus,
965 796 992 859 si
1015 795 1154 860 heredes
1169 813 1235 859 non
1251 793 1428 858 instituan-

278 905 342 974 tur,
358 896 552 962 exheredari
567 898 668 974 iubet,
683 898 785 963 virilis
800 919 902 963 sexus
916 899 1121 979 nominatim,
1136 898 1284 962 seminini
1299 917 1377 961 vero
1393 906 1427 960 et

278 1003 365 1066 inter
379 1010 516 1067 ceteros.
547 1003 665 1084 quodsi
682 1021 789 1086 neque
803 1003 943 1068 heredes
964 1004 1105 1068 instituti
1121 1003 1242 1068 fuerint
1257 1021 1365 1084 neque
1380 1002 1427 1064 ita

279 1115 317 1170 ut
342 1106 488 1170 diximus
512 1105 715 1186 exheredati,
737 1109 901 1189 promittit
923 1119 1056 1192 praetor
1082 1109 1129 1172 eis
1154 1115 1269 1172 contra
1295 1104 1426 1170 tabulas

249 1212 471 1274 4tcstamenti
486 1210 648 1276 bonorum
663 1213 917 1294 possessionem.
961 1212 1125 1295 Adoptivi
1147 1211 1242 1276 liberi
1266 1211 1426 1292 quamdiu

279 1323 357 1378 sunt
372 1315 405 1378 in
420 1323 587 1397 potestate
602 1317 705 1398 patris
719 1317 879 1399 adoptivi,
892 1317 1040 1382 eiusdem
1057 1317 1134 1380 iuris
1144 1314 1318 1390 habentur,
1334 1315 1427 1379 cuius

279 1425 357 1482 sunt
372 1417 466 1483 iustis
482 1419 604 1502 nuptiis
618 1419 777 1501 quaesiti:
801 1419 913 1502 itaque
932 1419 1073 1484 heredes
1091 1418 1284 1483 instituendi
1298 1415 1352 1480 vel
1368 1436 1428 1479 ex·

279 1521 460 1586 heredandi
475 1532 552 1586 sunt
563 1524 745 1588 secundum
760 1544 800 1587 ea
815 1543 901 1607 quae
916 1524 959 1588 de
974 1522 1178 1587 naturalibus
1194 1521 1426 1604 exposuimus:

280 1625 479 1707 emancipati
509 1646 633 1691 veroa
661 1637 756 1710 patre
785 1629 943 1711 adoptivo
970 1647 1077 1710 neque
1107 1627 1176 1690 iure
1208 1624 1294 1690 civili
1321 1644 1428 1707 neque

279 1729 370 1811 quod
393 1729 436 1793 ad
460 1729 605 1794 edictum
626 1731 787 1813 praetoris
810 1732 931 1795 attinet
953 1731 1039 1794 inter
1061 1730 1181 1794 liberos
1204 1735 1427 1792 numerantur.

280 1853 347 1914 qua
361 1832 488 1897 ratione
502 1833 631 1910 accidit,
648 1843 685 1898 ut
707 1855 751 1899 ex
774 1835 904 1900 diverso
926 1834 1016 1918 quod
1040 1834 1083 1898 ad
1106 1831 1291 1898 naturalem
1310 1849 1429 1915 paren-

280 1947 349 2000 tem
372 1937 501 2016 attinet,
517 1940 676 2020 quamdiu
692 1941 827 2022 quidem
850 1941 917 2004 sint
939 1941 973 2002 in
995 1939 1153 2020 adoptiva
1167 1936 1301 2015 familia,
1317 1942 1429 1998 extra-

280 2060 418 2104 neorum
442 2061 580 2106 numero
602 2042 795 2123 habeantur,
817 2051 855 2106 ut
879 2063 936 2107 eos
962 2061 1068 2124 neque
1093 2041 1232 2106 heredes
1256 2039 1429 2103 instituere

280 2163 389 2228 neque
408 2145 612 2210 exheredare
634 2166 769 2211 necesse
790 2147 851 2210 sit:
886 2167 961 2210 cum
982 2165 1062 2210 vero
1085 2145 1284 2227 emancipati
1306 2142 1429 2207 luerint

280 2249 323 2312 ab
353 2248 511 2331 adoptivo
534 2259 637 2333 patre,
664 2259 744 2314 tunc
768 2249 925 2334 incipiant
950 2251 984 2314 in
1010 2269 1050 2314 ea
1073 2269 1174 2314 causa
1200 2268 1282 2325 esse,
1305 2248 1339 2311 in
1363 2267 1430 2330 qua

281 2353 380 2416 futuri
406 2361 524 2426 essent,
548 2353 575 2416 si
606 2353 649 2416 ab
663 2355 747 2438 ¹ipso
769 2353 911 2419 naturali
937 2363 1032 2436 patre
1058 2352 1257 2435 emancipati
1282 2350 1429 2415 luissent.

251 2453 268 2506 ⁵
283 2455 351 2521 Sed
366 2455 448 2521 haec
468 2465 616 2522 vetustas
638 2457 877 2522 introducebat.
909 2468 1021 2522 nostra
1036 2477 1114 2522 vero
1137 2455 1330 2521 constitutio
1345 2455 1431 2519 inter

282 2559 446 2624 masculos
469 2570 507 2626 et
531 2559 671 2625 seminas
697 2561 730 2624 in
754 2560 818 2625 hoc
844 2561 914 2625 iure
938 2561 1018 2624 nihil
1042 2562 1200 2625 interesse
1226 2559 1430 2637 existimans,

280 2665 359 2746 quia
369 2673 510 2746 utraque
521 2684 661 2746 persona
673 2665 706 2729 in
717 2663 889 2729 hominum
898 2665 1124 2748 procreatione
1134 2663 1284 2728 similiter
1293 2671 1431 2727 naturae

282 2767 389 2832 officio
413 2768 561 2850 fungitur
583 2778 618 2833 et
640 2769 715 2853 lege
736 2771 874 2852 antiqua
899 2769 1077 2834 duodecim
1103 2768 1291 2833 tabularum
1314 2787 1432 2831 omnes

282 2871 432 2936 similiter
457 2872 500 2936 ad
530 2874 753 2938 successiones
782 2874 825 2938 ab
857 2875 1014 2938 intestato
1039 2873 1252 2946 vocabantur,
1280 2873 1369 2953 quod
1396 2880 1431 2935 et

281 2985 449 3058 praetores
460 2985 577 3059 postea
588 2979 691 3042 secuti
703 2998 776 3042 esse
787 2979 948 3054 videntur,
962 2979 1037 3042 ideo
1049 2977 1193 3060 simplex
1208 2997 1247 3041 ac
1262 2975 1369 3040 simile
1381 2975 1431 3038 ius

280 3089 315 3143 et
330 3080 363 3143 in
379 3079 454 3144 filiis
471 3089 505 3145 et
520 3081 553 3144 in
566 3080 696 3146 filiabus
711 3091 746 3146 et
761 3081 794 3145 in
809 3083 926 3146 ceteris
941 3081 1219 3146 descendentibus
1234 3099 1293 3162 per
1302 3079 1431 3143 virilem

281 3203 399 3248 sexum
422 3185 571 3267 personis
594 3205 660 3248 non
682 3185 790 3249 solum
814 3187 909 3264 natis,
934 3185 1118 3250 sedetiam
1142 3185 1306 3267 postumis
1330 3184 1431 3247 intro-

282 3288 389 3368 duxit,
405 3297 442 3352 ut
457 3308 582 3364 omnes,
602 3289 671 3354 sive
692 3291 743 3353 sui
766 3290 835 3354 sive
853 3289 1051 3372 emancipati
1074 3296 1162 3364 sunt,
1178 3298 1213 3353 et
1235 3287 1431 3352 nominatim

282 3390 527 3456 exheredentur
548 3403 583 3458 et
605 3393 748 3458 eundem
774 3392 921 3460 habeant
944 3393 1099 3458 effectum
1124 3394 1209 3456 circa
1230 3399 1433 3456 testamenta

281 3506 456 3578 parentum
467 3517 599 3560 suorum
612 3497 808 3563 infirmanda
820 3509 854 3563 et
865 3498 1086 3563 hereditatem
1096 3496 1320 3572 auferendam,
1332 3517 1432 3579 quem

282 3598 339 3662 filii
355 3599 405 3663 sui
419 3599 472 3662 vel
488 3601 686 3683 emancipati
702 3600 836 3681 habent,
848 3601 916 3666 sive
932 3602 997 3664 iam
1014 3601 1083 3665 nati
1099 3609 1176 3664 sunt
1191 3599 1259 3664 sive
1275 3598 1383 3663 adhuc
1399 3599 1433 3662 in

282 3710 377 3767 utero
400 3704 568 3767 constituti
585 3715 702 3786 postea
723 3706 791 3769 nati
815 3715 901 3770 sunt.
935 3706 1020 3768 circa
1039 3703 1214 3786 adoptivos
1229 3713 1342 3767 autem
1365 3723 1434 3766 cer·

284 3817 354 3872 tam
377 3807 569 3872 induximus
591 3809 792 3884 divisionem,
811 3829 898 3891 quae
921 3808 1148 3872 constitutioni
1171 3815 1311 3881 nostrae,
1332 3827 1433 3888 quam

283 4025 334 4080 but
350 4025 418 4094 only
429 4025 511 4080 those
524 4025 595 4093 abo,
609 4023 667 4079 had
685 4025 722 4079 he
740 4023 807 4080 died
826 4023 967 4094 intestato,
980 4025 1072 4080 would
1090 4025 1164 4080 have
1181 4024 1255 4080 been
1274 4022 1392 4080 entitled
1404 4035 1434 4080 to

283 4109 405 4164 succeed
427 4106 486 4163 him
505 4108 544 4178 by
565 4108 614 4164 the
635 4107 730 4163 clause
749 4107 778 4162 in
797 4108 847 4164 the
868 4107 944 4164 edict
963 4106 1054 4164 ‘unde
1072 4107 1170 4178 liberi,’
1185 4125 1234 4165 see
1252 4108 1304 4163 Ble
1318 4107 1356 4164 iii.
1370 4123 1394 4178 ᾳ
1409 4122 1434 4176 3.

284 4191 342 4247 and
354 4201 445 4260 notes,
458 4191 507 4248 ini.

321 4277 380 4344 th.
399 4276 442 4344 By
461 4275 509 4331 the
528 4271 713 4330 constitution
735 4283 765 4330 to
783 4273 875 4329 which
895 4273 932 4330 he
950 4273 1036 4330 refers
1056 4273 1139 4344 (Cod.
1151 4274 1176 4330 6.
1191 4275 1233 4330 28.
1246 4274 1275 4342 4)
1294 4271 1436 4343 Justinian

283 4359 415 4430 required
433 4360 471 4414 all
488 4358 688 4427 descendants,
706 4359 799 4414 whom
817 4358 914 4414 beiore
932 4357 954 4414 it
971 4358 1029 4413 had
1047 4358 1120 4413 been
1138 4373 1291 4433 necessary
1303 4367 1333 4412 to
1348 4355 1435 4412 disin·

284 4441 358 4497 berit
370 4452 400 4497 at
418 4443 464 4512 all,
477 4452 507 4497 to
519 4443 555 4498 be
568 4441 596 4496 in
614 4441 706 4498 future
725 4441 816 4498 either
832 4441 989 4510 instituted,
1002 4457 1034 4496 or
1052 4440 1239 4497 disinberited
1256 4439 1435 4496 nominatim.

287 4525 322 4580 ln
336 4523 450 4596 delault,
463 4524 487 4580 ir
500 4525 548 4583 the
565 4523 760 4597 pretermitted
774 4523 852 4580 child
869 4541 927 4580 was
940 4540 958 4579 a
969 4540 1046 4594 suus,
1059 4525 1107 4579 the
1124 4523 1180 4579 will
1192 4539 1249 4578 was
1262 4522 1346 4581 void:
1366 4521 1435 4584 libe
