3268 5142
171 435 293 506 Tit.14.]
508 436 569 492 DE
589 436 984 494 REPLICATIONIBUS.
1259 425 1324 514 587

172 613 267 667 actor
295 600 475 681 adiuvetur,
501 622 588 686 quae
618 602 737 668 dicitur
763 603 948 686 triplicatio.
1002 602 1150 687 Quarum
1175 604 1355 670 omnium3

174 707 411 789 exceptionum
428 727 524 770 usum
548 707 713 771 interdum
736 708 872 772 ulterius
892 728 992 791 quam
1016 709 1162 771 diximus
1182 709 1325 771 varietas

174 811 383 894 negotiorum
408 810 607 875 introducit:
643 829 726 893 quas
750 831 866 876 omnes
890 813 1035 894 apertius
1062 833 1106 875 ex
1132 810 1249 876 latiore
1275 811 1325 874 di-

174 925 343 997 gestorum
358 913 525 978 volumine
540 914 636 979 facile
651 924 702 978 est
717 935 923 999 cognoscere.
962 915 1188 998 Exceptiones
1202 923 1356 990 autem,4

175 1017 296 1100 quibus
325 1018 456 1082 debitor
484 1019 678 1097 defenditur,
708 1019 903 1102 plerumque
938 1019 1182 1083 accommodari
1218 1018 1326 1082 solent

175 1123 279 1184 etiam
302 1120 545 1185 fideiussoribus
570 1122 656 1186 eius:
680 1133 714 1187 et
734 1131 830 1200 recte,
848 1125 933 1204 quia,
948 1124 1038 1206 quod
1059 1123 1102 1187 ab
1121 1121 1174 1185 his
1194 1122 1326 1204 petitur,

175 1226 211 1290 id
235 1225 279 1288 ab
306 1226 378 1307 ipso
404 1225 554 1289 debitore
578 1227 646 1308 peti
669 1227 807 1302 videtur,
833 1228 910 1308 quia
936 1227 1085 1291 mandati
1111 1227 1232 1290 iudicio
1255 1225 1329 1288 red·

176 1329 305 1393 diturus
328 1337 378 1392 est
401 1329 456 1406 eis,
478 1329 569 1410 quod
591 1329 626 1391 hi
650 1350 709 1412 pro
732 1351 773 1395 eo
795 1331 963 1395 solverint.
1007 1351 1074 1413 qua
1096 1331 1223 1394 ratione
1245 1339 1279 1394 et
1301 1327 1328 1392 si

177 1436 221 1496 de
246 1453 311 1495 non
334 1432 479 1514 petenda
502 1435 641 1514 pecunia
668 1443 784 1516 pactus
807 1435 880 1517 quis
903 1454 979 1499 cum
1003 1454 1060 1497 reo
1081 1432 1186 1510 suerit,
1204 1433 1329 1515 placuit

177 1535 318 1620 proinde
341 1537 594 1600 succurrendum
621 1558 693 1601 esse
718 1558 778 1620 per
800 1539 1030 1620 exceptionem
1057 1537 1147 1619 pacti
1177 1537 1330 1600 conventi

177 1641 243 1703 illis
266 1659 398 1722 quoque
421 1639 477 1721 qui
500 1660 561 1723 pro
587 1661 628 1704 eo
656 1641 795 1724 obligati
822 1651 941 1720 essent,
966 1661 1005 1704 ac
1035 1641 1062 1703 si
1089 1647 1122 1703 et
1148 1659 1223 1702 cum
1250 1639 1329 1721 ipsis

178 1753 296 1828 pactus
314 1752 409 1818 esset,
426 1764 467 1808 ne
489 1745 533 1806 ab
556 1745 603 1807 eis
626 1765 665 1808 ea
687 1747 825 1827 pecunia
846 1755 1021 1828 peteretur.
1065 1763 1145 1806 sane
1163 1743 1328 1823 quaedam

180 1847 393 1930 exceptiones
414 1867 480 1910 non
496 1848 604 1912 solent
627 1849 678 1912 his
700 1849 953 1913 accommodari.
997 1867 1073 1911 ecce
1091 1847 1178 1909 enim
1199 1843 1330 1908 debitor

180 1953 208 2017 si
226 1953 323 2015 bonis
338 1952 404 2014 suis
420 1953 555 2016 cesserit
570 1961 604 2016 et
620 1972 696 2016 cum
711 1973 751 2016 eo
773 1954 915 2017 creditor
929 1951 1126 2034 experiatur,
1142 1949 1330 2014 detenditur

179 2075 240 2138 per
270 2055 503 2137 exceptionem
535 2056 615 2118 ‘nisi
644 2056 740 2120 bonis
770 2053 941 2121 cesseritz’
974 2055 1034 2118 sed
1062 2053 1145 2118 haec
1175 2053 1330 2135 exceptio

180 2159 425 2222 fideiussoribus
448 2179 514 2222 non
532 2160 636 2237 datur,
660 2159 785 2225 scilicet
808 2162 883 2224 ideo
901 2160 989 2242 quia,
1010 2157 1065 2240 qui
1087 2157 1169 2220 alios
1192 2176 1252 2238 pro
1272 2157 1330 2220 de·

180 2263 289 2326 bitore
317 2261 453 2345 obligat,
479 2263 541 2327 hoc
572 2263 720 2327 maxime
746 2266 912 2347 prospicit,
939 2273 984 2338 ut,
1016 2282 1091 2326 cum
1120 2259 1331 2323 facultatibus

181 2366 295 2449 lapsus
309 2366 407 2431 suerit
422 2366 560 2446 debitor,
576 2369 681 2450 possit
696 2367 740 2432 ab
755 2367 806 2433 his
822 2389 906 2452 quos
921 2387 980 2450 pro
1002 2387 1042 2430 eo
1060 2364 1218 2447 obligavit
1236 2383 1330 2428 suum

182 2489 349 2553 consequi.

221 2728 235 2802 ξ
249 2734 276 2786 8.
297 2731 359 2786 The
371 2749 422 2786 use
435 2730 468 2786 of
475 2730 604 2802 exceptio
617 2733 683 2786 here
695 2731 739 2785 sor
751 2728 913 2801 duplicatio,
926 2726 1080 2798 replicatio,
1094 2735 1156 2794 etc,
1169 2723 1193 2779 is
1206 2721 1334 2795 justified

182 2816 223 2884 by
231 2815 297 2885 Dig.
305 2829 349 2882 44.
361 2831 383 2870 1.
392 2830 417 2869 2.
429 2830 439 2869 1
455 2815 667 2885 ‘replicationes
682 2817 710 2882 (a
722 2824 793 2869 term
808 2813 958 2883 employed
970 2813 1009 2882 by
1019 2810 1126 2881 Ulpian
1139 2809 1197 2864 and
1208 2807 1334 2862 lulianus

184 2898 296 2953 instead
309 2898 342 2952 of
354 2898 518 2969 duplicatio)
532 2898 602 2952 nihil
618 2898 694 2952 aliud
711 2907 785 2966 sunt,
799 2914 885 2968 quam
902 2896 1082 2968 exceptiones
1095 2903 1205 2964 aparte
1222 2889 1335 2958 actoris,

184 2997 259 3052 quae
272 2981 452 3052 exceptiones
465 2983 634 3051 excludunt,’
646 2981 685 3036 ib.
695 2996 710 3035 2
721 2980 884 3051 ‘replicatio
897 2991 941 3036 est
954 2977 1094 3035 contraria
1106 2975 1243 3048 exceptio,
1254 2972 1335 3046 quasi

184 3063 359 3134 exceptionis
372 3065 518 3135 exceptio!

222 3146 236 3218 §
250 3152 279 3202 4.
299 3149 354 3203 See
366 3165 404 3203 on
418 3149 469 3203 Bk
483 3149 520 3204 iii.
535 3164 578 3204 20.
590 3149 608 3202 6
621 3165 696 3218 supr.
733 3148 796 3202 The
809 3147 972 3218 expression
986 3147 1014 3201 in
1027 3147 1075 3200 the
1087 3153 1146 3200 text
1159 3143 1338 3215 (plerumque

184 3231 395 3286 accommodari
413 3230 516 3299 solent)
536 3231 559 3286 is
579 3248 657 3285 more
674 3240 783 3285 correct
800 3231 869 3284 than
882 3231 943 3284 that
961 3229 989 3282 in
1007 3229 1071 3297 Dig.
1085 3241 1127 3292 44
1145 3241 1167 3280 1.
1184 3241 1216 3294 19
1228 3225 1337 3278 ‘omnes

185 3315 375 3385 exceptiones,
395 3333 468 3386 quae
486 3333 535 3370 reo
555 3324 729 3385 competunt,
750 3311 907 3368 fideiussori
927 3329 1047 3382 quoque,
1066 3310 1152 3364 etiam
1172 3307 1260 3362 invito
1279 3324 1336 3385 reo,

186 3401 368 3469 competunt!

223 3484 310 3538 Some
327 3482 507 3552 exceptiones
525 3499 572 3537 are
590 3481 652 3536 said
671 3479 720 3550 rei,
738 3480 833 3535 others
852 3493 990 3549 personae
1003 3475 1172 3531 cohaerere:
1192 3474 1241 3528 the
1254 3473 1338 3532 latter

188 3567 259 3638 (eg.
280 3569 362 3623 those
384 3565 513 3622 beneficii
534 3565 742 3636 competentiae
764 3563 822 3618 and
843 3560 917 3632 pacti
941 3561 977 3615 de
996 3577 1053 3614 non
1075 3557 1199 3628 petendo
1221 3556 1250 3610 in
1274 3573 1337 3625 per·

187 3650 299 3720 sonam)
318 3651 392 3706 avail
414 3653 480 3720 only
498 3661 528 3705 to
550 3651 599 3705 the
620 3666 723 3719 person
745 3646 937 3714 immediately
956 3641 1115 3698 concerned
1126 3661 1133 3708 ;
1158 3642 1206 3696 the
1225 3641 1337 3708 former,

186 3735 279 3790 which
298 3751 347 3790 are
365 3737 414 3790 the
432 3745 544 3804 greater
561 3734 689 3800 number,
703 3749 756 3787 can
774 3731 811 3786 be
830 3729 901 3785 used
918 3729 957 3798 by
969 3729 1051 3783 other
1065 3743 1183 3797 persons
1200 3725 1262 3778 also
1274 3724 1338 3778 who

187 3835 241 3874 can
254 3819 291 3874 be
305 3819 375 3873 sued
393 3818 421 3872 in
434 3819 490 3873 lieu
509 3818 540 3872 ol
554 3835 586 3872 or
598 3817 627 3871 in
645 3815 773 3870 addition
786 3823 816 3868 to
834 3815 883 3868 the
900 3829 954 3866 one
967 3811 1159 3877 immediately
1172 3808 1264 3876 liable,
1277 3825 1302 3862 e.
1310 3823 1337 3876 g.

187 3901 233 3957 his
251 3903 327 3957 heirs
347 3920 379 3957 or
397 3903 533 3957 sureties:
553 3899 749 3970 ‘exceptiones
767 3915 840 3968 quae
858 3913 997 3967 personae
1013 3894 1091 3950 cuius
1109 3894 1261 3947 cohaerent
1280 3907 1337 3945 non

188 3996 335 4041 transeunt
349 3987 386 4041 ad
399 3987 478 4056 alios,
488 3985 573 4041 veluti
587 4002 630 4053 ea,
641 4000 726 4054 quarn
737 3981 830 4036 socius
843 3981 929 4035 habet
942 3977 1146 4048 exceptionem,
1156 3975 1234 4046 quod
1245 3975 1338 4030 lacere

188 4069 287 4142 possit,
305 4071 349 4124 vel
366 4087 469 4140 parens
487 4080 657 4140 patronusve
671 4065 738 4135 (Tit.
751 4065 777 4119 6.
790 4066 824 4132 38
842 4063 937 4134 supr.),
955 4079 1013 4117 non
1030 4060 1164 4130 competit
1181 4056 1338 4112 fideiussori

191 4193 280 4210 .....
294 4153 335 4208 rei
348 4164 444 4208 autem
457 4154 641 4208 cohaerentes
658 4148 838 4218 exceptiones
851 4147 938 4202 etiam
952 4143 1108 4200 fideiussori
1122 4151 1295 4211 competunt,
1307 4149 1338 4195 ut

189 4237 229 4292 rei
254 4235 404 4306 iudicatae,
431 4236 487 4291 doli
512 4234 589 4303 mali,
614 4231 802 4299 iurisiurandi,
824 4231 901 4302 quod
925 4239 1018 4283 metus
1043 4243 1130 4282 causa
1154 4225 1260 4279 lactum
1284 4233 1336 4279 est.

192 4320 282 4389 Igitur
293 4329 322 4374 et
335 4319 358 4374 si
376 4338 440 4375 reus
457 4329 557 4390 pactus
574 4317 610 4372 sit
628 4315 656 4370 in
673 4333 741 4384 rem,
755 4313 920 4369 omnimodo
936 4312 1072 4382 competit
1084 4309 1212 4379 exceptio
1226 4305 1338 4360 fideius-

191 4403 266 4458 sori:
289 4403 499 4458 intercessionis
525 4417 636 4474 quoque
661 4398 798 4469 exceptio,
820 4397 888 4452 item
913 4396 989 4467 quod
1014 4393 1151 4450 libertatis
1175 4390 1338 4446 onerandae

190 4503 278 4542 causa
289 4487 401 4557 petitur,
414 4487 500 4541 etiam
514 4482 670 4539 fideiussori
684 4481 834 4552 competit'
847 4480 913 4549 Dig.
926 4495 970 4546 44.
987 4495 1009 4533 1.
1023 4493 1048 4545 7.

195 4613 199 4618 .
229 4573 255 4627 lt
272 4572 296 4628 is
313 4587 350 4634 on
368 4571 416 4626 the
428 4568 565 4641 principle
578 4565 671 4622 stated
684 4565 712 4624 in
725 4565 774 4620 the
786 4573 844 4620 text
859 4561 936 4635 (quia
949 4561 996 4634 qui
1010 4561 1081 4616 alios
1094 4601 1101 4616 .
1115 4599 1122 4616 .
1136 4601 1142 4616 .
1156 4597 1163 4614 .
1177 4575 1259 4614 suum
1272 4573 1339 4613 con·
