3286 5144
204 361 257 412 Tit.
271 353 307 422 7.]
443 351 504 406 DE
524 352 550 407 S
554 351 811 408 UCCESSIONE
831 352 1115 410 LIBERTORUM·
1289 345 1350 432 361

203 516 238 580 in
259 537 374 582 eorum
396 516 648 592 successionem,
670 515 698 580 si
720 525 833 582 tamen
856 525 1093 582 testamentum
1113 518 1259 583 fecerint.
1303 519 1353 584 sin

202 631 318 686 autem
341 622 489 686 intestati
511 621 712 686 decesserint
735 621 825 686 nullo
848 621 1025 686 liberorum
1049 621 1171 700 relicto,
1193 633 1271 686 tunc
1293 643 1378 706 pa·.

202 733 355 790 tronatus
370 725 430 802 ius,
446 725 536 808 quod
552 733 623 790 erat
639 746 683 790 ex
698 725 771 808 lege
786 725 962 790 duodecim
977 725 1172 804 tabularum,
1188 727 1353 818 integrum

202 830 393 894 reservavit.
438 849 514 894 cum
528 850 606 894 vero
627 830 767 894 maiores
788 831 984 894 centenariis
1007 831 1081 910 sint,
1097 831 1125 894 si
1146 829 1285 894 heredes
1300 828 1353 894 vel

200 934 368 998 bonorum
391 953 596 1015 possessores
618 933 739 999 liberos
762 933 908 999 habeant
929 935 999 999 sive
1023 955 1126 998 unum
1153 935 1221 999 sive
1244 934 1354 1017 plures

200 1037 441 1120 cuiuscumque
455 1058 556 1102 sexus
570 1038 622 1102 vel
637 1040 768 1121 gradus,
783 1039 828 1102 ad
843 1059 900 1102 eos
918 1040 1158 1104 successionem
1179 1049 1354 1123 parentum
1470 1111 1476 1124 α

201 1142 416 1217 deduximus,
433 1143 586 1208 omnibus
604 1143 751 1223 patronis
772 1162 837 1206 una
858 1163 933 1206 cum
955 1164 1013 1208 sua
1034 1144 1192 1226 progenie
1207 1143 1354 1206 semotis.

200 1247 254 1310 sin
285 1255 398 1310 autem
428 1247 499 1310 sine
528 1245 638 1310 liberis
668 1246 877 1324 decesserint,
904 1247 932 1310 si
961 1245 1095 1328 quidem
1126 1247 1280 1323 intestati,
1310 1246 1354 1309 ad

200 1368 340 1412 omnem
356 1347 575 1414 hereditatem
591 1358 748 1433 patronos
766 1359 986 1433 patronasque
1003 1349 1211 1414 vocavimus:
1234 1349 1262 1412 si
1275 1369 1357 1413 vero

200 1462 444 1518 testamentum
471 1453 606 1536 quidem
629 1453 774 1530 fecerint,
800 1463 958 1538 patronos
983 1464 1095 1518 autem
1119 1452 1172 1516 vel
1198 1461 1355 1534 patronas

200 1557 441 1640 praeterierint,
468 1578 544 1622 cum
571 1556 678 1623 nullos
701 1558 824 1624 liberos
850 1557 1011 1622 haberent
1034 1557 1085 1621 vel
1111 1556 1272 1620 habentes
1298 1575 1355 1620 eos

202 1659 489 1739 exheredaverint,
504 1660 556 1724 vel
573 1670 680 1725 mater
694 1662 763 1755 sive
778 1683 858 1726 avus
878 1669 1047 1725 maternus
1065 1681 1122 1724 eos
1143 1658 1354 1742 praeterierit,

201 1764 251 1828 ita
267 1772 305 1826 ut
319 1784 386 1828 non
401 1766 529 1848 possint
541 1765 633 1847 argui
649 1765 831 1830 inofficiosa
843 1785 956 1830 eorum
972 1773 1193 1829 testamenta:
1216 1773 1295 1826 tunc
1311 1783 1355 1826 ex

203 1875 318 1932 nostra
334 1868 570 1932 constitutione
586 1888 645 1950 per
661 1869 823 1932 bononmr
839 1868 1079 1951 possessionem
1096 1875 1209 1931 contra
1224 1864 1356 1930 tabulas

202 1991 271 2034 non
298 1970 480 2047 dimidiam,
505 1981 542 2036 ut
569 1981 655 2048 ante,
671 1972 729 2036 sed
752 1973 884 2036 tertiam
910 1980 1039 2055 partem
1061 1971 1223 2034 bonorum
1246 1967 1356 2032 liberti

202 2083 458 2156 consequantur,
487 2074 541 2140 vel
571 2075 661 2157 quod
692 2077 787 2141 deest
818 2076 865 2141 eis
901 2097 945 2140 ex
981 2075 1215 2139 constitutione
1244 2082 1356 2136 nostra

202 2177 378 2260 repleatur,
410 2179 436 2244 si
465 2179 600 2261 quando
630 2179 739 2244 minus
770 2180 868 2242 tertia
898 2188 993 2264 parte
1027 2179 1190 2242 bonorum
1221 2194 1356 2240 suorum

202 2281 343 2346 libertus
372 2279 425 2344 vel
455 2281 573 2347 liberta
607 2282 654 2346 eis
684 2282 881 2364 reliquerint,
911 2283 958 2347 ita
988 2281 1058 2347 sine
1091 2299 1198 2358 onere,
1228 2289 1266 2342 ut
1294 2297 1356 2342 nee

203 2385 316 2448 liberis
338 2385 447 2448 liberti
468 2385 647 2450 libertaeve
666 2407 710 2450 ex
731 2407 770 2450 ea
788 2395 883 2470 parte
903 2385 1013 2469 legata
1028 2383 1081 2448 vel
1099 2381 1356 2447 fideicommissa

203 2499 423 2571 praestentur,
447 2490 505 2554 sed
532 2490 575 2554 ad
600 2490 778 2554 coheredes
800 2489 864 2553 hoc
889 2509 973 2553 onus
997 2487 1215 2552 redundaret:
1243 2484 1355 2549 multis

203 2593 279 2657 aliis
305 2593 435 2657 casibus
461 2613 481 2656 a
508 2593 604 2658 nobis
635 2594 668 2656 in
694 2591 843 2675 praefata
872 2592 1113 2658 constitutione
1136 2589 1354 2672 congregatis

204 2717 289 2780 quos
313 2697 514 2761 necessarios
537 2717 608 2761 esse
630 2698 673 2760 ad
696 2695 885 2761 huiusmodi
908 2697 986 2761 iuris
1009 2695 1258 2779 dispositionem
1283 2713 1355 2776 per-

204 2800 397 2883 speximus:
428 2810 466 2866 ut
491 2809 561 2864 tam
586 2801 716 2883 patroni
746 2809 971 2883 patronaeque
996 2821 1097 2883 quam
1123 2798 1215 2862 liberi
1242 2817 1356 2860 eorum

205 2924 266 2968 nec
289 2925 355 2968 non
376 2904 432 2987 qui
455 2925 500 2968 ex
521 2914 709 2968 transverso
732 2903 835 2968 latere
854 2905 989 2968 veniunt
1012 2925 1116 2986 usque
1137 2903 1180 2966 ad
1203 2902 1356 2985 quintum

204 3010 345 3092 gradum
377 3011 419 3072 ad
449 3009 690 3073 successionem
717 3007 910 3073 libertorum
939 3018 1106 3086 vocentur,
1133 3006 1217 3070 sicut
1243 3027 1287 3070 ex
1317 3025 1357 3068 ea

205 3113 441 3178 constitutione
467 3113 726 3196 intellegendum
754 3122 823 3177 est:
855 3123 892 3178 ut
918 3113 946 3176 si
973 3113 1122 3178 eiusdem
1148 3111 1279 3194 patroni
1304 3108 1357 3172 vel

204 3227 364 3300 patronae
398 3216 450 3280 vel
488 3217 630 3280 duorum
665 3217 805 3281 duarum
840 3216 1026 3298 pluriumve
1066 3215 1130 3279 sint
1165 3214 1268 3291 liberi,
1301 3213 1357 3295 qui

204 3321 390 3403 proximior
416 3330 474 3396 est,
501 3320 545 3383 ad
572 3319 681 3383 liberti
709 3341 766 3384 seu
793 3319 931 3382 libertae
956 3326 1092 3380 vocetur
1117 3318 1356 3382 successionem

205 3433 239 3488 et
261 3425 294 3486 in
315 3423 433 3506 capita,
454 3423 572 3486 nonin
595 3425 713 3506 stirpes
734 3423 899 3486 dividatur
919 3419 1093 3494 successio,
1114 3419 1233 3484 eodem
1256 3419 1357 3482 modo

206 3539 239 3593 et
264 3528 297 3590 in
319 3527 371 3591 his
393 3527 450 3609 qui
473 3549 517 3592 ex
539 3536 725 3592 transverso
748 3526 849 3590 latere
873 3524 1009 3588 veniunt
1033 3523 1205 3586 servando.
1251 3541 1358 3603 paene

206 3634 295 3696 enim
310 3632 526 3696 consonantia
547 3632 617 3708 iura
637 3629 850 3714 ingenuitatis
872 3637 906 3692 et
926 3625 1150 3691 libertinitatis
1173 3625 1207 3688 in
1227 3644 1356 3689 succes-

204 3888 242 3944 all
260 3887 391 3958 previous
404 3884 583 3940 distinctions
596 3885 629 3940 of
643 3902 693 3940 sex
704 3885 832 3940 between
850 3883 967 3938 libertus
986 3881 1045 3938 and
1060 3881 1168 3950 liberta,
1182 3889 1283 3950 patron
1297 3877 1358 3934 and

203 3981 353 4042 patroness
372 3987 404 4024 or
421 3969 496 4025 their
513 3969 650 4034 children,
668 3968 727 4024 and
744 3967 890 4038 regulated
908 3968 956 4024 the
981 3965 1143 4022 succession
1163 3975 1193 4020 to
1213 3962 1358 4018 freedmen

204 4055 262 4110 and
274 4053 464 4110 freedwomen
477 4069 509 4108 as
522 4052 647 4106 follows:

241 4138 280 4206 (ι)
299 4139 340 4192 As
350 4135 467 4206 regards
476 4135 524 4190 the
534 4151 628 4204 power
637 4133 670 4190 os
678 4133 821 4202 testation,
831 4132 973 4188 alibertus
983 4149 1015 4186 or
1024 4131 1125 4186 liberta
1134 4131 1197 4184 who
1206 4126 1359 4199 possessed

205 4223 261 4278 less
271 4222 341 4276 than
354 4236 405 4274 100
413 4218 491 4274 aurei
503 4218 593 4288 might
603 4218 690 4286 lreely
698 4217 813 4288 dispose
822 4217 854 4272 of
864 4217 884 4272 it
892 4217 931 4286 by
939 4216 1002 4282 will,
1013 4213 1128 4270 without
1137 4230 1193 4282 any
1202 4209 1358 4279 obligation

204 4316 235 4360 to
246 4304 311 4373 give
323 4303 372 4358 the
385 4313 486 4373 patron
499 4319 530 4356 or
543 4311 690 4372 patroness
703 4301 841 4371 anytbing
852 4300 943 4356 either
954 4315 986 4354 as
999 4297 1060 4354 heir
1072 4315 1104 4352 or
1116 4299 1234 4366 legates.
1273 4293 1302 4348 ll
1310 4293 1359 4350 the

204 4397 338 4458 property
350 4385 505 4442 amounted
523 4395 553 4440 to
569 4401 619 4440 100
636 4384 713 4440 aurei
732 4401 764 4438 or
782 4383 913 4455 upwards
931 4385 999 4452 they
1016 4380 1107 4450 might
1120 4379 1203 4434 make
1216 4379 1290 4433 what
1304 4375 1358 4432 will

178 4533 188 4554 ι
204 4471 273 4542 they
284 4470 402 4542 pleased
414 4471 480 4541 only
493 4467 518 4524 ii
531 4469 598 4540 they
611 4467 758 4524 instituted
776 4467 848 4524 their
866 4466 942 4524 issue
954 4486 962 4534 ς
981 4465 1005 4520 ii
1018 4465 1098 4522 there
1110 4480 1167 4520 was
1180 4479 1218 4519 no
1231 4461 1315 4532 issue,
1328 4477 1360 4517 or
