3268 5142
309 419 375 486 610
511 429 586 483 INS
589 429 661 484 TIT
664 428 719 485 UT
717 428 863 484 IONUM
881 429 1002 484 LIBRI
1020 429 1255 501 QUATTUOR.
1342 434 1407 500 [Lib.
1418 441 1460 490 lv.

308 592 494 674 religiosam
509 593 606 658 iurati
623 592 751 657 luerint.
795 591 855 655 sed
876 591 903 656 si
925 593 1059 675 quidem
1083 594 1145 677 ipsi
1166 594 1292 660 iudices
1309 604 1459 678 tempore

308 696 604 760 administrationis
619 696 772 778 publicas
794 697 950 778 pecunias
973 698 1220 776 subtraxerunt,
1236 700 1370 781 capitali
1389 701 1460 764 ani·

308 803 538 866 madversione
567 803 756 886 puniuntur,
787 811 822 864 et
856 821 922 864 non
958 802 1066 866 solum
1102 802 1147 880 hi,
1179 805 1237 869 sed
1271 806 1371 868 etiam
1402 805 1459 887 qui

308 905 526 970 ministerium
549 907 596 970 eis
616 906 659 970 ad
682 903 745 968 hoc
768 903 990 969 adhibuerunt
1009 906 1063 970 vel
1086 907 1141 988 qui
1161 909 1330 972 subtracta
1350 910 1396 972 ab
1408 909 1460 972 his

307 1009 450 1074 scientes
471 1017 701 1091 susceperunt:
725 1007 780 1070 alii
799 1028 885 1086 vero,
902 1009 959 1090 qui
982 1009 1015 1072 in
1038 1009 1123 1074 hanc
1146 1009 1254 1093 legem
1278 1012 1459 1089 inciderint,

262 1121 296 1176 10
308 1129 434 1192 poenae
458 1111 697 1194 deportationis
720 1110 945 1193 subiugantur.
992 1111 1055 1176 Est
1075 1113 1161 1178 inter
1183 1114 1315 1196 publica
1339 1115 1459 1180 iudicia

308 1215 364 1278 lex
391 1215 496 1278 Fabia
521 1216 564 1278 de
589 1215 764 1297 plagiariis,
788 1235 874 1296 quae
903 1216 1071 1280 interdum
1098 1218 1216 1300 capitis
1245 1238 1387 1300 poenam
1415 1240 1458 1282 ex

262 1319 292 1374 11
307 1318 407 1399 sacris
441 1318 730 1382 constitutionibus
767 1318 897 1400 irrogat,
933 1319 1099 1384 interdurn
1139 1320 1307 1384 leviorem.
1371 1321 1459 1386 Sunt

307 1429 477 1501 praeterea
506 1421 638 1504 publica
673 1421 792 1485 iudicia
822 1421 880 1485 lex
918 1422 1002 1486 Iulia
1037 1422 1182 1488 ambitus
1216 1435 1249 1488 et
1283 1424 1342 1488 lex
1375 1425 1459 1490 Iulia

307 1525 563 1604 repetundarum
590 1533 623 1588 et
647 1523 705 1589 lex
732 1525 817 1588 Iulia
843 1525 885 1590 de
912 1545 1043 1590 annona
1074 1535 1107 1590 et
1134 1526 1191 1590 lex
1220 1527 1305 1592 Iulia
1335 1529 1379 1591 de
1409 1549 1457 1592 re·

307 1627 416 1705 siduis,
439 1649 525 1710 quae
546 1627 590 1691 de
612 1629 709 1692 certis
731 1628 883 1710 capitulis
905 1628 1085 1710 loquuntur
1109 1639 1142 1693 et
1169 1630 1300 1694 animae
1323 1631 1457 1714 quidem

306 1731 518 1795 amissionem
547 1752 613 1796 non
639 1733 794 1814 irrogant,
819 1731 892 1794 aliis
917 1741 1030 1796 autem
1055 1733 1171 1814 poenis
1199 1754 1256 1798 eos
1282 1735 1458 1814 subiciunt,

306 1835 363 1916 qui
378 1845 553 1916 praecepta
569 1855 681 1898 earum
697 1835 915 1917 neglexerint.

307 2061 336 2107 et
344 2053 380 2108 de
388 2039 508 2109 residuis
516 2053 587 2125 ’'(fnr
596 2055 645 2109 the
653 2055 707 2108 last
716 2052 786 2125 see§
800 2069 828 2108 11
841 2052 910 2123 inl),
922 2053 988 2124 Dig.
999 2055 1041 2120 48.
1054 2069 1094 2123 13.
1120 2055 1259 2111 Whether
1267 2056 1317 2110 the
1325 2055 1457 2112 unlawsul

306 2136 517 2206 appropriation
525 2138 558 2192 of
563 2137 716 2207 municipal
726 2147 859 2207 property
867 2154 948 2192 came
958 2136 1054 2192 within
1065 2139 1113 2192 the
1124 2138 1263 2208 penalties
1273 2139 1306 2192 os
1311 2139 1457 2208 peculatus

307 2236 363 2274 was
377 2231 406 2275 at
419 2220 478 2276 first
491 2221 645 2290 uncertain,
658 2221 708 2275 but
721 2221 768 2275 the
782 2219 912 2290 question
925 2237 982 2274 was
996 2219 1117 2275 decided
1135 2221 1163 2274 in
1177 2223 1225 2276 the
1238 2221 1407 2276 affirmative
1419 2222 1458 2290 by

306 2303 420 2374 Trajan,
435 2304 500 2374 Dig.
514 2305 558 2372 48.
574 2319 650 2373 194
665 2317 689 2371 7.
728 2306 785 2358 For
797 2304 845 2358 the
864 2303 998 2374 meaning
1016 2305 1049 2358 os
1063 2303 1211 2374 religiosus
1231 2323 1279 2360 see
1293 2305 1345 2360 Bk.
1360 2304 1389 2359 ii.
1405 2319 1427 2359 1.
1440 2319 1457 2374 9

306 2387 364 2442 and
380 2397 455 2456 note,
469 2405 564 2459 supr.;
582 2387 703 2457 stealing
720 2387 793 2442 from
812 2387 915 2456 tombs,
929 2388 1066 2457 however,
1080 2387 1149 2442 does
1168 2396 1218 2442 not
1237 2404 1315 2442 seem
1334 2397 1364 2442 to
1383 2389 1456 2443 have

305 2471 459 2526 amounted
478 2481 508 2526 to
527 2471 672 2540 sacrilege,
688 2470 828 2541 ‘lapidem
846 2471 922 2525 hunc
941 2487 1116 2525 movere...
1131 2470 1289 2540 proximum
1309 2471 1456 2542 sacrilegio
1469 2521 1472 2527 Δ

304 2553 426 2610 maiores
438 2555 611 2609 habuerunt'
625 2555 695 2610 Cod.
708 2569 732 2624 9.
750 2569 788 2624 19.
805 2566 828 2623 5,
842 2552 922 2608 ‘sunt
941 2553 1079 2623 sacrilegi,
1093 2552 1140 2624 qui
1161 2553 1274 2624 publica
1287 2571 1368 2608 sacra
1381 2571 1455 2609 com·

304 2636 469 2706 pilaverunt,
489 2647 519 2692 at
542 2638 589 2708 qui
611 2637 722 2708 privata
742 2654 824 2692 sacra
838 2676 845 2692 .
858 2677 864 2692 .
878 2679 885 2692 .
899 2636 1021 2707 amplius
1046 2653 1131 2708 quam
1151 2637 1235 2706 fures,
1255 2636 1349 2692 minus
1370 2655 1455 2709 quam

304 2719 433 2790 sacrilegi
446 2723 605 2776 merentur’
618 2721 684 2790 Dig.
697 2722 740 2788 48.
758 2735 796 2788 13
811 2735 835 2790 9.
854 2736 874 2774 1.

340 2803 402 2857 The
420 2804 536 2873 penalty
549 2805 581 2857 of
595 2805 643 2858 the
661 2805 706 2858 lex
727 2803 799 2858 Iulia
816 2805 961 2872 peculatus
975 2819 1032 2857 was
1045 2815 1136 2874 aquae
1152 2809 1182 2859 et
1199 2802 1272 2874 ignis
1286 2801 1455 2870 interdictio,

303 2883 347 2937 t'or
366 2884 457 2939 which
475 2885 634 2956 deportatio
652 2903 709 2940 was
728 2885 907 2953 substituted,
932 2885 998 2954 Dig.
1017 2886 1116 2953 48.13.
1138 2901 1163 2954 3.
1179 2903 1208 2956 p.
1224 2901 1273 2954 134
1286 2903 1381 2956 supr.;
1405 2887 1455 2942 but

303 2967 433 3037 sacrilegi
455 2985 527 3023 were
548 2967 690 3036 punished
711 2967 852 3037 variously
874 2968 1027 3037 according
1048 2978 1078 3022 to
1100 2969 1148 3022 the
1174 2968 1314 3037 enormity
1333 2970 1366 3023 of
1383 2968 1456 3024 their

304 3049 399 3118 crime,
421 3050 486 3120 Dig.
500 3049 537 3106 ib.
551 3065 576 3119 9.
589 3067 631 3120 pr.
666 3052 694 3105 A
716 3050 771 3106 fine
793 3051 825 3105 of
842 3050 905 3104 four
926 3051 1009 3106 times
1031 3052 1079 3106 the
1099 3052 1181 3106 value
1204 3053 1237 3105 os
1253 3053 1301 3106 the
1323 3063 1456 3122 property

303 3133 503 3204 appropriated
527 3150 620 3189 seems
645 3143 674 3188 to
699 3135 771 3188 have
792 3134 869 3188 been
894 3135 1057 3204 commonly
1082 3135 1208 3190 inflicted
1231 3135 1275 3189 lor
1299 3137 1455 3206 peculatus,

303 3217 425 3287 perhaps
445 3216 535 3272 under
551 3217 599 3271 the
618 3217 662 3271 lex
683 3216 754 3272 Iulia
774 3216 855 3286 itself,
875 3217 952 3271 Paul.
966 3227 1037 3272 sent.
1050 3235 1106 3272 rec.
1122 3231 1145 3286 5.
1159 3231 1202 3284 27.
1240 3218 1404 3272 Peculation
1417 3219 1456 3288 by

300 3300 402 3370 judges
415 3317 473 3355 was
486 3311 515 3356 at
528 3301 588 3355 first
600 3300 742 3370 punished
754 3301 821 3370 only
831 3300 870 3369 by
880 3300 944 3368 fine,
954 3300 997 3354 sor
1008 3300 1100 3354 which
1113 3301 1199 3355 death
1213 3317 1270 3354 was
1283 3300 1455 3356 substituted

302 3385 341 3453 by
360 3383 547 3454 Theodosius,
568 3383 647 3439 ‘cum
669 3385 715 3439 vix
736 3401 788 3455 par
806 3401 900 3455 poena
918 3383 963 3438 his
985 3383 1075 3453 possit
1094 3383 1208 3453 flagitiis
1229 3384 1364 3440 inveniri'
1383 3385 1453 3440 Cod.

302 3468 412 3524 Theod
426 3483 450 3538 9.
466 3469 508 3523 28.
525 3484 548 3524 r.

339 3549 353 3622 ξ
367 3555 414 3606 10.
432 3553 494 3607 The
503 3553 548 3607 lex
559 3551 649 3607 Fabia
658 3552 695 3607 de
704 3551 848 3623 plagiariis
859 3551 883 3606 is
894 3550 1017 3606 referred
1030 3559 1060 3605 to
1069 3551 1108 3620 by
1119 3551 1228 3620 Cicero,
1238 3567 1290 3622 pro
1301 3549 1418 3606 Rabirio
1429 3565 1454 3621 3,

301 3634 359 3690 and
378 3636 457 3690 there
478 3634 539 3690 isa
559 3635 633 3690 Title
654 3652 729 3706 upon
751 3635 771 3691 it
793 3635 822 3689 in
844 3636 892 3690 the
916 3635 994 3690 Code
1014 3635 1049 3704 (9.
1069 3634 1135 3704 20);
1163 3635 1199 3690 its
1224 3645 1340 3691 content
1362 3635 1386 3690 is
1406 3635 1454 3691 de·

301 3717 414 3772 scribed
432 3718 471 3786 by
484 3718 591 3788 Ulpian
610 3718 639 3772 in
658 3719 706 3772 the
724 3717 846 3786 collatio,
868 3732 906 3784 14
922 3733 937 3771 2
954 3717 1012 3771 and
1030 3732 1045 3785 3
1060 3717 1137 3787 ‘lege
1157 3718 1248 3774 Fabia
1267 3729 1385 3786 tenetur,
1405 3717 1452 3789 qui

302 3800 393 3854 civem
422 3803 593 3870 Romanum,
621 3801 808 3872 eundemque,
833 3801 880 3871 qui
909 3801 939 3855 in
969 3799 1052 3855 Italia
1078 3801 1212 3856 liberatus
1243 3801 1287 3870 sit,
1312 3801 1453 3870 celaverit,

302 3883 429 3953 vinxerit,
454 3883 636 3955 vinctumque
664 3885 802 3953 habuerit,
827 3883 993 3953 vendiderit,
1019 3884 1118 3939 emerit
1120 3923 1213 3953 .....
1225 3883 1354 3940 eiusdem
1382 3884 1453 3955 legis

302 3965 395 4035 capite
417 3969 544 4024 secundo
564 3978 683 4037 tenetur,
706 3968 753 4038 qui
776 3967 899 4022 alienum
924 3985 1036 4022 servum
1061 3967 1150 4023 invito
1170 3968 1286 4023 domino
1312 3967 1454 4036 celaverit,

302 4049 468 4120 vendiderit,
482 4051 581 4106 emerit
594 4051 660 4106 dolo
673 4052 749 4106 malo
761 4053 782 4117 ;’
801 4068 833 4106 as
853 4062 883 4105 to
902 4051 938 4105 its
957 4050 1095 4121 penalties
1108 4051 1129 4106 it
1148 4051 1172 4106 is
1189 4051 1252 4106 said
1270 4051 1298 4106 in
1312 4053 1453 4106 thesaure

302 4149 432 4204 passage,
445 4135 491 4191 ‘et
502 4135 570 4190 olim
589 4135 704 4206 quidem
723 4135 806 4189 huius
825 4134 895 4204 legis
911 4152 1004 4204 poena
1021 4135 1151 4190 numaria
1168 4135 1227 4205 ruit,
1247 4135 1299 4190 sed
1316 4136 1453 4190 translata

301 4229 344 4274 est
369 4218 494 4289 cognitio
518 4218 548 4273 in
576 4219 735 4290 praefectos
760 4217 846 4287 urbis,
871 4218 995 4289 itemque
1024 4219 1162 4288 praesidis
1187 4219 1350 4290 provinciae
1374 4227 1453 4274 extra

301 4301 430 4358 ordinem
443 4303 544 4358 meruit
561 4301 859 4357 animadversionem:
879 4301 1000 4373 ideoque
1019 4303 1183 4357 humiliores
1203 4313 1251 4357 aut
1265 4302 1293 4356 in
1307 4301 1452 4357 metallum

301 4384 479 4454 darnnantur,
492 4397 540 4442 aut
553 4385 582 4440 in
595 4403 707 4442 crucem
721 4386 872 4440 tolluntur:
891 4385 1076 4455 honestiores,
1090 4387 1226 4457 adempta
1238 4384 1357 4440 dimidia
1371 4394 1452 4456 parte

300 4465 448 4537 bonorum,
462 4465 490 4523 in
503 4479 671 4539 perpetuum
684 4469 860 4540 relegantur)

337 4547 407 4620 511.
426 4551 489 4606 The
510 4552 555 4608 lex
578 4551 704 4607 Iuliade
723 4551 831 4608 ambitu
850 4569 907 4608 was
926 4552 1047 4608 enacted
1064 4553 1102 4623 by
1118 4552 1272 4623 Augustus,
1292 4549 1451 4619 Suetonius,
