3268 5142
166 445 276 510 rara]
452 403 455 408 ¹
494 443 554 499 DE
575 444 769 500 Punrrcrs
789 443 977 502 moscus,
1211 501 1216 512 ,
1254 439 1317 522 ⁶09

167 611 342 682 necaverit,
359 631 501 694 poenam
516 611 600 694 legis
617 611 791 677 Corneliae
806 613 849 677 de
869 613 991 677 sicariis
1007 613 1192 678 sustinebit.
1228 614 1315 679 Item
1331 626 1347 678 ⁷

166 717 222 781 lex
255 714 408 779 Cornelia
439 716 482 779 de
510 715 610 795 salsis,
641 736 726 797 quae
762 717 863 780 etiam
893 720 1141 782 testamentaria
1171 729 1315 793 vocatur,

167 839 308 903 poenam
332 819 454 901 irrogat
478 819 516 896 ei,
538 819 595 901 qui
617 828 856 884 testamentum
874 821 926 885 vel
950 821 1038 884 aliud
1061 823 1317 886 instrumentum

142 945 147 954 ·
166 923 284 986 salsum
300 923 466 1004 scripserit
481 923 660 1004 signaverit
677 923 862 987 recitaverit
882 925 1057 988 subiecerit
1073 926 1170 1007 quive
1185 927 1316 1008 signum

166 1026 389 1090 adulterinum
414 1025 528 1088 iecerit
553 1025 727 1108 sculpserit
752 1029 953 1109 expresserit
977 1029 1082 1092 sciens
1109 1029 1188 1093 dolo
1219 1027 1335 1092 malo.¹

168 1130 302 1212 eiusque
323 1129 405 1212 legis
428 1150 536 1212 poena
557 1131 591 1192 in
614 1131 906 1194 servosultimum·
923 1131 1121 1215 supplicium
1144 1143 1205 1210 est,
1228 1135 1317 1216 quod

168 1245 201 1299 et
227 1235 260 1298 in
287 1234 363 1316 lege
390 1235 432 1298 de
463 1234 586 1298 sicariis
613 1246 647 1298 et
672 1235 827 1299 veneficis
850 1247 1007 1315 servatur,
1034 1238 1071 1300 in·
1091 1237 1212 1302 liberos
1241 1259 1319 1302 vero

168 1339 365 1421 deportatio.
412 1339 499 1402 Item
515 1339 573 1401 lex
590 1339 674 1402 Iulia
690 1339 733 1403 de
747 1341 779 1402 vi
795 1339 928 1422 publica
946 1363 1003 1405 seu
1020 1343 1148 1424 privata
1164 1344 1348 1407 adversus8

168 1464 225 1507 eos
240 1442 396 1519 exoritur,
409 1443 464 1524 qui
477 1443 544 1506 vim
560 1441 613 1506 vel
627 1453 790 1507 armatam
811 1444 863 1507 vel
879 1445 954 1516 sine
968 1445 1068 1508 armis
1083 1447 1318 1510 commiserint.

168 1549 225 1611 sed
242 1547 269 1608 si
285 1547 422 1628 quidem
437 1555 565 1610 armata
580 1548 629 1610 vis
644 1557 808 1628 arguatur,
824 1547 1012 1629 deportatio
1033 1548 1061 1610 ei
1080 1569 1124 1611 ex
1143 1547 1217 1630 lege
1235 1549 1319 1613 Iulia

169 1651 210 1714 de
227 1651 259 1714 vi
275 1649 408 1731 publica
429 1649 609 1732 irrogatur:
631 1650 658 1713 si
679 1670 757 1713 vero
779 1651 850 1714 sine
869 1651 976 1724 armis,
993 1651 1026 1713 in
1042 1651 1175 1714 tertiam
1190 1661 1318 1732 partem

169 1755 331 1818 bonorum
357 1752 538 1835 publicatio
566 1753 755 1835 imponitur.
811 1754 861 1818 sin
888 1765 1000 1818 autem
1027 1775 1086 1836 per
1110 1755 1178 1817 vim
1205 1763 1319 1836 raptus

168 1858 301 1940 virginis
326 1856 379 1920 vel
409 1856 528 1920 viduae
554 1857 606 1920 vel
637 1857 897 1920 sanctimonialis
927 1856 979 1921 vel
1009 1857 1094 1920 aliae
1122 1857 1219 1920 luerit
1245 1878 1319 1940 per-

168 1971 325 2044 petratus,
340 1969 417 2024 tunc
439 1969 472 2024 et
491 1970 681 2042 peccatores
700 1969 733 2025 et
754 1961 792 2038 ei,
808 1961 863 2043 qui
880 1981 979 2043 opem
1002 1959 1128 2044 flagitio
1149 1961 1319 2040 dederunt,

169 2065 277 2147 capite
292 2065 473 2148 puniuntur
487 2065 667 2128 secundum
685 2074 817 2128 nostrae
831 2065 1072 2129 constitutionis
1084 2064 1319 2144 definitionem,

170 2189 212 2230 ex
228 2189 294 2250 qua
309 2167 392 2231 haec
407 2169 553 2249 apertius
569 2168 725 2249 possibile
742 2179 793 2232 est
814 2169 906 2232 scire.
953 2168 1028 2230 Lex
1050 2167 1133 2231 Iulia
1148 2169 1350 2250 peculatus9

168 2292 225 2335 eos
252 2271 355 2354 punit,
383 2272 439 2353 qui
466 2273 640 2354 pecuniam
665 2271 718 2336 vel
745 2292 814 2336 rem
839 2271 1005 2354 publicam
1030 2271 1082 2334 vel
1110 2291 1236 2335 sacram
1266 2274 1320 2337 vel

205 2473 260 2546 §T
280 2475 350 2530 This
375 2476 428 2540 lex,
453 2475 544 2530 which
570 2475 593 2530 is
619 2476 710 2531 called
737 2475 868 2531 Cornelia
891 2475 1105 2530 testamentaria
1129 2476 1258 2532 numaria
1281 2478 1320 2546 by

170 2559 270 2614 Cicero
284 2559 324 2628 (in
342 2561 459 2613 Verrem
477 2575 518 2614 21.
532 2557 589 2628 42),
603 2576 660 2614 was
678 2559 783 2629 passed
799 2559 837 2627 by
851 2559 929 2614 Sulla
941 2559 1028 2612 about
1045 2559 1094 2614 the
1112 2576 1190 2614 same
1205 2559 1274 2616 time
1287 2577 1319 2614 as

168 2645 229 2698 that
243 2643 279 2696 de
292 2641 400 2696 sicariis
414 2641 441 2714 (ξ
455 2655 468 2712 5
482 2641 569 2713 supr.)
606 2643 669 2698 The
682 2643 792 2698 offence
805 2642 829 2697 is
845 2641 959 2697 defined
971 2641 999 2695 in
1014 2641 1079 2712 Dig.
1094 2643 1137 2709 48.
1153 2657 1193 2698 10.
1207 2657 1241 2711 23
1255 2643 1321 2698 ‘sal-

168 2743 232 2781 sum
245 2725 356 2781 videtur
368 2725 398 2779 id
411 2743 483 2794 esse,
497 2725 520 2780 si
540 2725 602 2796 quis
616 2725 739 2781 alienum
753 2725 971 2795 chirographum
988 2724 1121 2796 imitetur,
1134 2736 1182 2781 aut
1195 2726 1322 2782 libellum

168 2810 212 2864 vel
225 2807 349 2864 rationes
369 2808 517 2863 intercidat
536 2810 580 2864 vel
599 2809 749 2878 describat,
769 2825 826 2863 non
846 2808 893 2879 qui
914 2807 985 2863 alias
1039 2850 1046 2865 .
1060 2807 1251 2866 mentiuntur?
1289 2813 1323 2865 ln

167 2895 217 2950 the
239 2892 353 2947 collatio
371 2894 466 2962 legum
487 2894 560 2947 Mos.
581 2903 609 2948 et
628 2894 710 2947 Rom.
732 2891 797 2960 (viii.
813 2891 840 2960 7)
862 2892 970 2962 Ulpian
989 2894 1093 2964 speaks
1112 2894 1145 2949 of
1160 2911 1177 2950 a
1196 2905 1323 2951 senatus·

169 2978 279 3032 consult
293 2976 377 3030 made
391 2977 471 3031 when
489 2975 617 3031 Statilius
634 2977 692 3031 and
709 2977 819 3030 Taurus
832 2992 905 3030 were
925 2979 1048 3047 consuls,
1062 2977 1153 3032 which
1167 2978 1243 3034 dealt
1256 2979 1323 3034 with

168 3059 303 3130 forgeries
322 3060 355 3114 os
369 3059 537 3115 documents
556 3061 640 3116 other
656 3061 725 3114 than
745 3059 830 3128 wills,
842 3068 872 3113 to
892 3059 993 3130 which,
1006 3078 1038 3116 as
1058 3060 1082 3115 is
1101 3061 1176 3116 clear
1195 3061 1266 3117 t'rom
1286 3061 1322 3118 its

168 3161 261 3212 name,
274 3143 323 3198 the
336 3144 380 3198 lex
395 3143 526 3198 Cornelia
538 3143 705 3214 principally
718 3142 835 3197 related.
872 3143 935 3197 The
952 3143 1139 3214 punishment·
1152 3144 1185 3198 os
1198 3145 1323 3200 {reemen

168 3226 211 3281 lor
223 3227 335 3296 sorgery
347 3243 440 3281 seems
454 3236 483 3281 to
496 3228 568 3282 have
582 3226 679 3282 varied
694 3227 780 3280 much
793 3225 860 3280 with
873 3225 946 3280 their
958 3226 1029 3280 rank
1042 3226 1100 3280 and
1117 3227 1165 3281 the
1182 3227 1323 3298 enormity

169 3310 202 3364 os
210 3311 259 3364 the
272 3310 390 3378 offence,
400 3308 612 3364 ‘honestiores·.
627 3351 633 3365 .
649 3350 656 3365 .
669 3308 698 3363 in
712 3309 833 3363 insulam
843 3309 1028 3378 deportantur
1041 3347 1047 3363 .
1060 3348 1085 3362 ..
1099 3307 1264 3366 humiliores
1274 3321 1322 3366 aut

170 3393 198 3448 in
210 3394 356 3449 metallum
370 3392 548 3461 damnantur,
562 3403 611 3448 aut
624 3392 653 3447 in
666 3409 779 3448 crucem
792 3392 940 3447 tolluntur’
954 3391 1030 3444 Paul.
1046 3400 1118 3445 sent.
1133 3407 1187 3446 rec.
1205 3406 1228 3461 5.
1242 3406 1285 3462 ²5·
1299 3407 1321 3462 1,

169 3475 236 3546 ‘pro
253 3475 340 3530 modo
353 3474 447 3530 delicti
465 3485 514 3530 aut
531 3476 693 3545 relegantur
711 3485 759 3530 aut
778 3475 870 3545 capite
887 3473 1055 3544 puniuntur’
1073 3471 1111 3527 ib.
1128 3487 1169 3541 13,
1190 3473 1320 3545 ‘capitali

169 3558 316 3630 supplicio,
339 3557 363 3612 si
389 3558 418 3612 id
442 3557 535 3627 exigat
560 3558 728 3629 magnitudo
753 3555 906 3626 commissi,
928 3557 973 3612 vel
998 3555 1212 3626 deportatione.
1227 3597 1234 3612 .
1247 3597 1254 3612 .
1269 3556 1320 3612 im·

168 3642 310 3698 minente'
323 3643 393 3697 Cod.
408 3657 432 3712 9.
448 3657 491 3698 22.
504 3657 549 3696 22.

205 3725 262 3797 §8.
282 3726 344 3780 The
362 3743 441 3780 same
454 3725 618 3780 distinction
637 3725 765 3780 between
784 3725 883 3780 armed
901 3725 959 3779 and
974 3723 1111 3779 unarmed
1123 3722 1249 3780 violence
1262 3741 1320 3781 was

168 3811 265 3864 drawn
284 3809 323 3879 by
335 3810 384 3864 the
400 3819 514 3879 praetor
526 3809 554 3863 in
569 3809 700 3864 interdict
713 3810 785 3875 law;
806 3826 854 3864 see
868 3825 905 3862 on
919 3809 973 3863 Tie
992 3808 1030 3863 16.
1044 3808 1061 3862 6
1074 3824 1149 3878 supr.
1186 3809 1320 3865 Between

168 3895 217 3948 the
235 3903 398 3948 enactment
417 3893 449 3946 oi
464 3894 512 3948 the
532 3894 576 3948 lex
595 3893 667 3948 Iulia
686 3893 743 3948 and
761 3891 925 3962 Justinian’s
945 3891 1014 3948 time
1030 3893 1079 3947 the
1095 3893 1210 3962 penalty
1222 3891 1320 3948 sorvis

168 3986 279 4032 armata
300 3993 393 4030 seems
415 3976 492 4031 often
514 3985 544 4031 to
564 3978 636 4031 have
655 3977 728 4032 been
748 3975 834 4030 death
856 3976 947 4044 (Paul.
961 3985 1031 4030 sent.
1045 3991 1100 4031 rec.
1117 3987 1137 4044 5.
1153 3975 1196 4030 26.
1213 3991 1235 4044 1,
1250 3976 1319 4034 cod.

168 4059 278 4114 Theod.
292 4074 316 4128 9.
334 4074 374 4113 10.
391 4057 424 4127 ι),
438 4058 537 4128 which,
551 4061 688 4126 however,
703 4076 760 4114 was
773 4059 823 4114 but
841 4059 951 4114 seldom
965 4058 1090 4115 inflicted
1107 4058 1136 4112 in
1151 4059 1200 4115 the
1215 4059 1320 4116 latter’s

167 4143 246 4210 time,
263 4143 334 4198 Cod.
346 4157 372 4212 9.
389 4158 429 4198 12.
442 4155 458 4210 7
472 4143 529 4197 and
542 4144 568 4211 8,
583 4143 649 4213 Dig.
662 4144 705 4210 48.
719 4143 744 4198 6.
762 4158 800 4198 rot
816 4158 841 4199 a.
879 4141 1109 4197 sanctimonialis
1128 4139 1152 4197 is
1171 4142 1320 4213 explained

167 4227 207 4296 by
219 4226 386 4296 Augustius,
401 4227 490 4282 Serm.
505 4242 538 4295 23
553 4227 682 4297 ‘propria
694 4237 722 4282 et
736 4225 926 4282 excellentiori
939 4225 1090 4280 sanctitate
1103 4225 1234 4295 virgines,
1247 4242 1320 4297 quae

168 4310 198 4366 in
217 4309 339 4365 ecclesia
355 4309 545 4380 nominantur,
559 4328 629 4382 quas
642 4352 649 4366 .
664 4351 671 4366 .
685 4350 692 4365 .
705 4309 851 4366 usitatiore
869 4307 1007 4364 vocabulo
1024 4306 1254 4364 sanctimoniales
1271 4326 1320 4380 ap-

168 4394 274 4464 pellare
303 4393 537 4449 consuevimus:’
561 4393 596 4449 cl.
615 4394 686 4449 Cod.
707 4409 727 4448 1.
746 4408 770 4462 a
791 4406 824 4463 54
848 4390 1004 4462 ‘virginum
1033 4391 1078 4446 vel
1103 4390 1250 4447 viduarum
1275 4395 1321 4450 vel

168 4474 403 4545 diaconissarum,
423 4493 496 4547 quae
517 4479 580 4532 Deo
599 4476 702 4534 luerint
721 4476 886 4532 dedicatae!

207 4557 221 4631 ᾗ
235 4563 264 4616 Θ.
283 4561 346 4616 The
355 4559 405 4615 lull
417 4559 477 4617 title
488 4561 520 4616 os
528 4559 585 4617 this
595 4569 699 4617 statute
710 4577 767 4616 was
776 4559 783 4588 ‘
791 4561 835 4616 lex
848 4558 920 4614 Iulia
929 4559 1074 4630 peculatus
1084 4567 1112 4614 et
1126 4557 1162 4614 de
1175 4557 1321 4630 sacrilegis

721 4663 776 4714 Rl'
