3310 5218
283 422 345 472 212
485 411 589 467 INST
588 409 636 466 IT
638 409 694 466 UT
691 409 837 466 IONUM
854 406 974 464 LIBRI
992 406 1228 479 QUATTUOR.
1324 405 1431 471 [Liuii.

282 579 354 661 ipso
370 598 430 642 usu
446 583 701 640 consumuntur:
724 595 802 637 nam
820 593 879 637 eae
900 593 1008 655 neque
1023 571 1163 634 naturali
1179 569 1306 635 ratione
1322 590 1431 652 neque

282 681 366 746 civili
382 681 542 763 recipiunt
557 699 654 744 usum
668 679 821 742 fructum.
858 697 925 759 quo
945 696 1082 739 numero
1099 684 1178 739 sunt
1190 675 1305 737 vinum
1320 672 1431 737 oleum

280 785 481 850 frumentum
490 785 697 848 vestimenta.
720 783 839 863 quibus
851 781 1004 863 proxima
1018 787 1070 843 est
1085 779 1224 861 pecunia
1238 787 1430 842 numerata:

282 910 425 971 namque
445 889 479 950 in
498 889 570 969 ipso
595 909 656 952 usu
682 886 822 951 adsidua
842 884 1085 968 permutatione
1102 883 1352 965 quodammodo
1371 903 1430 946 ex-

281 992 450 1073 tinguitur.
494 991 552 1055 sed
579 989 729 1054 utilitatis
753 1009 853 1053 causa
879 997 1013 1053 senatus
1042 989 1171 1052 censuit
1200 1007 1298 1069 posse
1330 987 1431 1050 etiam

282 1115 394 1158 earum
419 1114 527 1157 rerum
552 1113 648 1157 usum
674 1092 817 1156 fructum
842 1092 1005 1168 constitui,
1031 1100 1068 1155 ut
1093 1100 1206 1154 tamen
1231 1110 1272 1154 eo
1298 1089 1432 1153 nomine

281 1198 394 1262 heredi
409 1196 532 1262 utiliter
547 1205 709 1261 caveatur.
732 1198 845 1279 itaque
856 1197 883 1259 si
898 1196 1057 1279 pecuniae
1073 1215 1150 1260 usus
1165 1195 1286 1258 fructus
1302 1194 1431 1276 legatus

283 1301 334 1377 sit,
350 1302 398 1365 ita
413 1302 510 1365 datur
525 1301 692 1382 legatario,
701 1309 739 1364 ut
755 1301 823 1364 eius
839 1299 906 1378 fiat,
922 1310 955 1363 et
970 1299 1147 1382 legatarius
1162 1299 1302 1362 satisdat
1317 1297 1431 1362 heredi

282 1404 326 1468 de
343 1411 437 1468 tanta
452 1406 589 1487 pecunia
604 1403 813 1480 restituenda,
831 1403 857 1468 si
874 1403 1031 1467 morietur
1049 1412 1108 1467 aut
1128 1402 1236 1486 capite
1257 1403 1432 1466 minuetur.

283 1517 412 1572 ceterae
432 1528 563 1591 quoque
584 1528 635 1572 res
655 1507 702 1571 ita
722 1507 898 1572 traduntur
919 1507 1090 1590 legatario,
1106 1515 1144 1570 ut
1162 1507 1231 1569 eius
1248 1505 1346 1570 fiant:
1371 1505 1431 1569 sed

283 1612 466 1676 aestimatis
489 1612 540 1676 his
562 1613 749 1686 satisdator,
765 1621 811 1690 ut,
826 1613 854 1674 si
870 1612 1028 1675 morietur
1045 1619 1103 1674 aut
1126 1610 1235 1692 capite
1257 1609 1432 1686 minuetur,

283 1726 378 1781 tanta
400 1718 538 1799 pecunia
558 1717 758 1794 restituatur,
775 1716 891 1799 quanti
907 1736 966 1781 eae
981 1715 1101 1779 fuerint
1117 1715 1321 1779 aestimatae.
1353 1735 1432 1796 ergo

283 1832 417 1886 senatus
441 1843 507 1885 non
528 1821 606 1886 fecit
633 1821 769 1906 quidem
796 1841 910 1884 earum
933 1839 1043 1884 rerum
1069 1839 1165 1883 usum
1191 1821 1332 1884 fructum
1357 1817 1432 1904 (nec

283 1926 372 1989 enim
398 1921 553 2009 poterat),
576 1927 634 1990 sed
659 1946 719 2008 per
740 1925 927 1989 cautionem
951 1923 1046 2006 quasi
1073 1943 1168 1986 usum
1189 1922 1332 1988 fructum
1355 1944 1432 1987 con-

254 2029 399 2095 3stituit.
444 2027 472 2091 F
473 2030 574 2094 initur
588 2040 701 2094 autem
717 2029 934 2093 ususfructus
950 2035 1057 2091 morte
1071 2027 1238 2091 fructuarii
1254 2037 1288 2092 et
1303 2027 1432 2090 duabus

282 2133 399 2215 capitis
422 2133 711 2208 deminutionibus,
729 2131 878 2196 maxima
900 2140 934 2196 et
958 2132 1076 2209 media,
1092 2140 1127 2195 et
1147 2151 1213 2194 non
1231 2132 1357 2196 utendo
1373 2152 1433 2214 per

282 2237 419 2300 modum
435 2245 469 2300 et
484 2245 625 2318 tempus,
637 2258 723 2319 quae
738 2236 851 2299 omnia
866 2245 978 2300 nostra
994 2234 1110 2299 statuit
1122 2235 1324 2300 constitutio.
1351 2236 1432 2300 item

281 2339 394 2404 linitur
420 2340 653 2418 ususfructus,
677 2340 705 2402 si
732 2339 868 2402 domino
892 2338 1103 2422 proprietatis
1129 2339 1173 2402 ab
1191 2337 1432 2404 usufructuario

281 2444 418 2507 cedatur
433 2439 524 2529 (nam
540 2453 700 2507 extraneo
718 2443 867 2508 cedendo
882 2442 963 2506 nihil
979 2439 1116 2528 agitur):
1138 2441 1191 2506 vel
1208 2464 1253 2507 ex
1268 2447 1433 2509 contrario

281 2547 308 2610 si
332 2546 528 2610 fructuarius
551 2546 789 2630 proprietatem
810 2547 855 2610 rei
882 2545 1085 2629 adquisierit,
1106 2567 1192 2630 quae
1216 2568 1268 2612 res
1291 2547 1433 2612 consoli·

280 2650 373 2714 datio
396 2649 592 2733 appellatur.
624 2671 664 2714 eo
687 2650 830 2732 amplius
852 2659 991 2729 constat,
1007 2651 1034 2716 si
1057 2652 1159 2716 aedes
1181 2652 1333 2716 incendio
1355 2673 1432 2718 con-

279 2762 434 2837 sumptae
449 2753 569 2818 fuerint
583 2754 636 2817 vel
653 2755 755 2818 etiam
767 2764 874 2818 terrae
891 2765 984 2819 motu
1000 2763 1058 2819 aut
1068 2757 1150 2819 vitio
1166 2777 1226 2820 suo
1241 2759 1431 2833 corruerint,

280 2858 431 2941 extingui
447 2878 544 2921 usum
560 2857 704 2922 fructum
723 2867 757 2922 et
773 2879 814 2922 ne
829 2879 929 2922 areae
948 2859 1084 2941 quidem
1103 2879 1201 2924 usum
1216 2860 1358 2925 fructum
1374 2862 1432 2925 de·

280 3045 454 3115 introduced,
477 3046 585 3115 though
607 3055 657 3101 not
679 3045 817 3116 precisely
838 3045 951 3115 known,
974 3045 998 3100 is
1020 3047 1165 3116 supposed
1189 3057 1219 3102 to
1243 3047 1279 3104 lie
1304 3048 1433 3104 between

281 3128 381 3185 Cicero
400 3129 448 3198 (on
468 3138 589 3184 account
608 3128 642 3183 of
657 3129 729 3200 Top.
750 3144 765 3198 3
784 3129 858 3183 ‘non
882 3128 967 3183 debet
990 3145 1026 3185 ea
1043 3128 1150 3196 mulier,
1170 3129 1214 3183 cui
1233 3129 1276 3184 vir
1293 3130 1433 3185 bonomm

279 3228 393 3268 suorum
415 3213 620 3267 usumfructum
641 3211 754 3282 legavit,
777 3211 856 3266 cellis
877 3211 993 3266 vinariis
1015 3221 1046 3265 et
1066 3210 1179 3265 oleariis
1202 3211 1293 3282 plenis
1317 3213 1432 3282 relictis,

279 3305 378 3366 putare
399 3295 437 3350 ad
458 3313 489 3350 se
510 3295 660 3366 pertinere,
680 3313 748 3350 usus
770 3295 856 3365 enim,
877 3312 936 3350 non
959 3295 1065 3350 abusus
1085 3295 1195 3364 legatus
1215 3294 1281 3363 est')
1303 3297 1361 3351 and
1382 3298 1432 3352 the

279 3389 441 3434 enactment
455 3378 488 3432 of
496 3379 544 3434 the
556 3379 602 3434 lex
615 3377 704 3449 Papia
718 3379 860 3450 Poppaea,
874 3378 966 3433 which
986 3378 1063 3434 often
1077 3377 1181 3448 speaks
1194 3379 1227 3433 of
1235 3379 1361 3435 usufruct
1373 3380 1407 3434 of
1414 3395 1433 3434 a

279 3471 342 3532 part
360 3461 393 3516 of
406 3477 424 3516 a
440 3461 530 3515 whole
549 3471 692 3532 property.
729 3463 885 3517 Doubtless
898 3463 947 3516 the
960 3461 1038 3517 main
1057 3461 1151 3532 object
1164 3462 1198 3517 of
1206 3463 1254 3518 the
1267 3461 1432 3518 innovation

280 3560 338 3600 was
359 3553 389 3600 to
413 3543 515 3599 enable
534 3553 668 3600 testators
690 3555 720 3599 to
738 3545 881 3616 bequeath
900 3562 918 3600 a
936 3543 1051 3615 g'eneral
1070 3545 1198 3602 usufruct
1217 3564 1285 3602 over
1302 3547 1340 3601 all
1359 3545 1433 3602 their

279 3637 421 3698 property.
459 3627 534 3682 That
553 3628 602 3682 the
619 3627 695 3697 right
714 3644 772 3683 was
789 3639 838 3683 not
857 3645 874 3683 a
893 3628 1018 3683 usufruct
1037 3645 1141 3700 proper
1162 3629 1186 3684 is
1206 3631 1281 3684 clear
1293 3630 1365 3685 from
1384 3630 1433 3686 the

280 3720 339 3767 text
359 3711 377 3780 (¹
387 3727 440 3766 nec
456 3710 615 3765 usufructus
632 3712 691 3766 est’
709 3710 807 3780 fragm.
821 3713 887 3766 Vat.
900 3710 943 3780 46,
964 3710 1036 3766 ‘non
1056 3711 1085 3765 id
1097 3712 1238 3782 effectum,
1251 3723 1282 3769 ut
1295 3713 1433 3784 pecuniae

280 3793 455 3849 ususfructus
474 3791 587 3864 proprie
605 3793 695 3848 esset'
710 3793 775 3862 Dig.
789 3807 812 3860 7.
830 3806 854 3862 5.
868 3809 891 3848 2.
910 3792 944 3860 1).
982 3795 1084 3848 Under
1095 3797 1144 3850 the
1157 3799 1398 3853 senatus-consult
1411 3797 1432 3853 it

281 3877 365 3932 could
382 3877 420 3933 be
438 3875 553 3932 created
578 3876 645 3945 only
665 3875 705 3945 by
725 3875 780 3930 will
800 3874 820 3946 (‘
828 3885 857 3930 ut
883 3874 1010 3930 omnium
1035 3893 1138 3947 rerum,
1158 3895 1229 3950 quas
1248 3879 1278 3934 in
1297 3879 1433 3951 cuiusque

281 3959 452 4031 patrimonio
471 3977 535 4015 esse
554 3967 705 4028 constaret,
727 3959 901 4014 ususfructus
920 3959 1007 4030 legati
1027 3961 1130 4031 possit'
1149 3963 1213 4032 Dig.
1235 3975 1257 4030 7.
1277 3975 1300 4032 5.
1321 3961 1355 4032 1),
1374 3963 1433 4018 and

281 4061 340 4098 was
359 4043 559 4112 extinguished
578 4043 645 4111 only
663 4041 702 4114 by
722 4042 808 4098 death
828 4043 886 4098 and
908 4043 1009 4114 capitis
1030 4043 1187 4101 deminutio
1208 4046 1241 4102 of
1258 4047 1307 4102 the
1328 4063 1432 4118 person

281 4126 408 4197 entitled‚
424 4127 489 4198 Dig.
503 4126 539 4182 ib.
554 4141 571 4196 9
584 4125 641 4182 and
657 4141 696 4182 ια

319 4208 333 4281 ξ
347 4213 374 4266 8.
395 4210 457 4266 The
468 4209 565 4280 jurists
579 4226 657 4264 seem
669 4219 699 4264 to
711 4209 784 4264 have
802 4207 952 4280 disagreed
964 4227 996 4266 as
1009 4219 1040 4266 to
1052 4211 1100 4266 the
1113 4211 1196 4266 effect
1209 4211 1243 4267 oi
1256 4229 1293 4267 an
1312 4222 1432 4284 attempt

282 4303 312 4348 to
325 4293 395 4348 cede
408 4311 426 4348 a
438 4293 563 4348 usufruct
581 4302 612 4347 to
630 4309 648 4348 a
665 4291 741 4348 third
754 4309 856 4364 person
870 4313 876 4348 :
896 4293 984 4348 Gaius
1001 4294 1038 4364 (ii.
1054 4294 1099 4364 30)
1113 4305 1201 4350 states
1215 4296 1263 4350 the
1276 4295 1330 4350 law
1342 4295 1371 4350 in
1384 4297 1433 4351 the

283 4391 362 4430 same
376 4393 437 4446 way
453 4393 485 4430 as
504 4377 552 4432 the
570 4385 637 4446 text,
655 4377 713 4432 and
731 4376 830 4447 fragm.
844 4378 908 4432 Vat.
923 4389 955 4447 75
971 4394 1070 4447 agrees
1084 4397 1091 4444 3
1109 4379 1160 4433 but
1177 4377 1205 4432 in
1220 4377 1290 4448 Dig.
1303 4393 1346 4447 23.
1359 4393 1384 4446 3.
1397 4379 1434 4432 66

284 4458 458 4528 Pomponius
475 4459 568 4515 writes
590 4459 631 4515 ‘si
648 4471 783 4516 extraneo
803 4460 928 4529 cedatur,
950 4460 1020 4515 nihil
1039 4461 1160 4516 adeum
1179 4461 1307 4530 transire,
1324 4461 1376 4516 sed
1394 4461 1432 4515 ad

284 4539 430 4598 dominum
448 4543 628 4614 proprietatis
646 4561 822 4602 reversurum
849 4544 1070 4600 usumfructum!
1107 4545 1194 4616 Upon
1219 4543 1265 4600 ‘et
1287 4561 1323 4600 ne
1348 4559 1432 4600 areae
