3310 5218
241 433 345 500 Tit.8.]
432 429 588 504 QUIBUS
607 427 830 486 ALIENARE
851 429 978 486 lICET
1002 431 1078 488 VEL
1101 433 1202 488 NON.
1327 438 1388 505 227

240 597 394 661 libertate
423 615 499 660 cum
529 597 648 662 ellectu
678 596 880 681 procedente
908 593 1015 681 (cuius
1038 595 1149 660 lavore
1175 606 1209 660 et
1235 595 1390 678 antiquos

240 700 446 783 legislatores
462 701 568 765 multa
579 711 613 766 et
628 711 744 766 contra
759 719 952 764 communes
970 700 1101 784 regulas
1116 701 1271 764 statuisse
1286 701 1389 763 mani-

240 803 455 867 festissimum
470 801 535 889 est)
551 813 585 868 et
600 825 640 868 eo
655 805 712 888 qui
731 824 805 867 eam
829 803 987 885 imposuit
1007 824 1086 867 suae
1101 802 1308 866 liberalitatis
1317 785 1389 866 ¹sta-

239 905 371 971 bilitate
399 908 566 990 gaudente
596 917 631 972 et
661 908 749 972 socio
779 906 925 970 indemni
956 916 1149 971 conservato
1179 906 1389 987 pretiumque

240 1010 324 1073 servi
347 1010 529 1074 secundum
550 1019 679 1093 partem
702 1011 850 1089 dominii,
873 1011 963 1093 quod
986 1029 1047 1073 nos
1065 1008 1283 1088 definivimus,
1302 1009 1388 1073 acci-

239 1113 362 1196 piente.

765 1241 864 1308 V111.

469 1417 608 1482 anaus
630 1419 821 1469 nmannnn
845 1418 953 1470 mear
974 1419 1048 1469 vau
1069 1418 1160 1470 uon.

282 1565 417 1631 Accidit
435 1567 623 1650 aliquande,
645 1579 682 1632 ut
705 1567 762 1651 qui
785 1568 939 1632 dominus
964 1567 1007 1632 sit
1027 1567 1170 1633 alienare
1195 1588 1261 1632 non
1282 1567 1387 1652 possit

237 1679 273 1733 et
303 1679 427 1749 contra,
457 1671 514 1752 qui
544 1671 698 1734 dominus
728 1690 795 1734 non
822 1671 865 1735 sit
891 1671 1087 1735 alienandae
1114 1671 1158 1736 rei
1183 1679 1385 1754 potestatem

237 1771 372 1837 habeat.
426 1794 502 1837 nam
526 1773 639 1838 dotale
665 1774 838 1856 praedium
869 1775 1006 1838 maritus
1033 1775 1136 1838 invita
1162 1775 1298 1839 muliere
1327 1794 1386 1857 per

237 1875 347 1959 legem
374 1873 494 1940 Iuliam
521 1877 714 1960 prohibetur
737 1877 890 1954 alienare,
917 1879 1068 1960 quamvis
1098 1878 1200 1960 ipsius
1230 1879 1273 1941 sit
1297 1877 1386 1940 dotis

236 2001 336 2044 causa
368 1981 398 2044 ei
432 1981 559 2046 datum.
620 1982 710 2064 quod
740 2002 801 2046 nos
831 1981 941 2064 legem
972 1982 1092 2046 Iuliam
1122 1981 1322 2064 corrigentes
1352 1982 1385 2043 in

237 2083 407 2148 meliorem
424 2094 548 2148 statum
571 2085 783 2148 deduximus.
828 2105 904 2148 cum
926 2087 1013 2150 enim
1035 2085 1091 2148 lex
1110 2085 1145 2147 in
1161 2084 1222 2148 soli
1238 2093 1385 2148 tantum-

237 2188 338 2250 modo
361 2188 459 2251 rebus
477 2187 587 2252 locum
609 2187 765 2263 habebat,
789 2209 876 2271 quae
896 2189 1032 2252 Italicae
1050 2187 1191 2265 suerant,
1209 2199 1242 2252 et
1263 2189 1385 2251 aliena-

236 2289 344 2353 tiones
380 2290 551 2355 inhibebat
583 2312 670 2374 quae
702 2292 805 2356 invita
838 2292 975 2355 muliere
1010 2291 1144 2367 fiebant,
1178 2290 1385 2375 hypothecas

150 2457 153 2462 ,
235 2402 350 2456 autem
365 2413 478 2456 earum
495 2395 596 2458 etiam
611 2394 765 2459 volente:
789 2394 936 2477 utrisque
954 2395 1136 2458 remedium
1156 2393 1383 2477 imposuimus,

235 2505 273 2560 ut
292 2497 392 2560 etiam
423 2496 456 2559 in
487 2517 543 2560 eas
574 2518 634 2575 res,
661 2519 748 2581 quae
777 2498 810 2561 in
838 2497 1029 2580 provInciali
1056 2497 1127 2562 solo
1151 2497 1280 2580 positae
1298 2507 1384 2574 sunt,

234 2599 409 2664 interdicta
425 2599 484 2664 fiat
498 2599 654 2666 alienatio
669 2601 722 2665 vel
743 2602 904 2686 obligatio
923 2611 957 2666 et
974 2611 1127 2665 neutmm
1145 2621 1260 2665 eorum
1276 2619 1384 2682 neque

234 2702 516 2766 consentientibus
542 2704 732 2768 mulieribus
755 2707 923 2788 procedat,
947 2724 989 2768 ne
1012 2725 1113 2768 sexus
1134 2702 1302 2767 muliebris
1320 2702 1384 2767 lra-

236 2971 276 3011 12.
291 2972 312 3026 1,
325 2957 384 3012 and
396 2957 439 3012 ior
450 2956 614 3028 Justinian's
627 2958 736 3028 change
750 2957 820 3014 Cod.
835 2969 860 3026 7.
873 2972 898 3026 7.
917 2959 997 3015 With
1009 2959 1089 3014 euius
1101 2959 1197 3014 lavore
1210 2967 1238 3012 et
1250 2955 1382 3028 antiquos

234 3039 409 3109 legislatores
430 3051 484 3096 etc.
505 3041 539 3096 ci.
558 3040 624 3110 Dig.
642 3056 686 3108 4ο.
701 3053 723 3111 5.
747 3057 790 3108 24.
806 3057 839 3096 ιο
856 3043 961 3098 ‘multa
982 3052 1081 3098 contra
1102 3041 1169 3096 iuris
1191 3040 1313 3110 rigorem
1331 3055 1383 3109 pro

233 3121 362 3178 libertate
372 3133 437 3178 sunt
448 3113 619 3191 constituta,’
631 3137 674 3193 35.
684 3139 707 3178 2.
717 3139 759 3192 3²·
770 3137 783 3194 5
795 3124 890 3179 ‘lavor
901 3125 1053 3180 libertatis.
1068 3165 1075 3180 .
1090 3141 1193 3194 .saepe
1202 3121 1382 3193 benigniores

233 3205 389 3260 sententias
402 3206 548 3276 exprimit'
585 3207 629 3276 By
641 3207 817 3276 legislatores
830 3224 922 3262 seems
935 3217 965 3262 to
978 3209 1014 3263 be
1027 3218 1123 3263 meant
1134 3209 1184 3263 the
1193 3206 1298 3278 jurists

267 3292 329 3346 ¹1¹lt.
340 3293 432 3344 vm
452 3291 508 3344 For
526 3290 575 3343 the
591 3289 747 3344 anomalies
764 3289 928 3345 mentioned
943 3291 1010 3346 here
1023 3292 1057 3346 ci.
1072 3293 1191 3361 Seneca,
1203 3289 1295 3346 benef.
1309 3301 1333 3356 7.
1351 3301 1381 3342 12

233 3371 360 3428 ‘nonest
373 3381 549 3442 argumento,
560 3371 625 3426 ideo
638 3371 746 3441 aliquid
759 3381 838 3426 tuum
851 3387 908 3426 non
922 3389 994 3442 esse,
1004 3373 1071 3443 quia
1079 3373 1202 3429 vendere
1214 3389 1271 3427 non
1284 3373 1382 3442 potes‚’

232 3454 299 3524 Dig.
308 3470 352 3522 4¹·
364 3470 385 3509 1.
394 3455 430 3521 46
440 3454 513 3509 ‘non
522 3463 566 3508 est
575 3470 690 3520 novum,
698 3464 737 3522 ut,
748 3453 795 3524 qui
806 3453 963 3508 dominium
975 3472 1033 3510 non
1046 3456 1157 3525 habeat,
1167 3454 1214 3510 alii
1224 3454 1382 3510 dominium

230 3539 384 3608 praebeat‚’
404 3536 463 3593 Cic.
478 3554 530 3607 pro
543 3535 634 3590 Balbo
650 3551 681 3604 13
701 3535 902 3592 ‘fundamenta
921 3536 1084 3592 firmissima
1102 3548 1216 3593 nostrae
1235 3536 1381 3604 libertatis,

231 3621 275 3676 sui
295 3637 435 3692 quemque
454 3619 522 3675 iun's
540 3629 569 3675 et
587 3618 727 3674 retinendi
745 3628 773 3674 et
792 3617 952 3676 dimittendi
973 3637 1036 3676 esse
1057 3619 1220 3688 dominum,¹
1239 3619 1295 3674 Tit.
1311 3633 1332 3674 1.
1346 3633 1383 3685 40

231 3719 309 3774 supr.
326 3704 384 3758 and
403 3702 469 3772 Dig.
485 3715 524 3772 so
542 3715 581 3770 17.
597 3713 630 3773 54
652 3701 752 3758 ‘nemo
773 3702 837 3773 plus
860 3701 927 3758 iuris
949 3701 977 3760 in
999 3703 1086 3759 alium
1107 3704 1258 3758 transferre
1279 3711 1381 3772 potest,

230 3803 317 3858 quam
336 3786 397 3858 ipse
417 3786 551 3842 haberet'

267 3872 330 3926 The
350 3872 394 3926 lex
417 3870 490 3926 lulia
508 3887 565 3925 was
584 3869 645 3926 that
664 3869 697 3924 oi
711 3870 864 3940 Augustus,
883 3871 919 3926 de
937 3869 1091 3940 adulteriis,
1105 3870 1182 3925 Paul
1202 3879 1274 3925 sent.
1287 3885 1342 3924 rec.
1356 3883 1381 3922 2.

232 3968 263 4008 2ι
275 3954 304 4008 b.
318 3969 341 4010 2.
381 3955 415 4008 ln
432 3954 481 4009 the
501 3953 571 4009 time
589 3952 622 4007 ol
637 3953 727 4008 Gaius
745 3952 783 4022 (ii.
797 3953 844 4024 63)
861 3952 882 4009 it
901 3954 960 4010 had
978 3955 1054 4012 been
1073 3954 1199 4010 doubted
1216 3953 1341 4010 whether
1360 3951 1380 4006 it

231 4037 345 4106 applied
358 4047 388 4092 to
400 4035 518 4108 praedia
529 4035 720 4106 provincialia

268 4118 387 4175 Besides
405 4121 454 4175 the
475 4135 557 4174 cases
577 4118 742 4174 mentioned
763 4119 792 4175 in
812 4119 861 4176 the
880 4129 948 4191 text,
970 4119 1122 4178 alienation
1142 4137 1200 4176 was
1218 4117 1381 4190 prohibited

231 4201 271 4270 (r)
285 4201 318 4256 os
331 4219 376 4256 res
395 4201 526 4272 litigiosa,
538 4211 672 4272 property
689 4201 780 4256 which
799 4219 856 4258 was
877 4203 926 4259 the
946 4204 1055 4274 subject
1073 4205 1107 4260 oi
1121 4221 1140 4260 a
1160 4203 1218 4258 real
1235 4201 1330 4258 action
1349 4218 1382 4255 or

231 4284 366 4340 iudicium
385 4284 750 4354 divisorium,Nov.112.1
767 4305 775 4352 ;
794 4284 833 4354 (a)
852 4287 886 4341 ol
899 4287 1087 4343 immoveable
1105 4297 1238 4358 property
1259 4286 1381 4355 forming

230 4369 339 4439 partos
348 4385 367 4423 a
380 4369 497 4425 donatio
515 4379 630 4440 pmpter
647 4367 761 4440 nuptias
774 4385 807 4423 or
817 4369 972 4440 belonging
990 4379 1020 4425 to
1036 4369 1168 4440 religious
1181 4387 1213 4424 or
1225 4369 1381 4429 charitable

229 4451 432 4519 foundations;
455 4449 495 4522 (3)
519 4451 552 4506 os
567 4451 709 4522 peculium
730 4451 917 4507 adventitium
937 4453 1054 4508 without
1074 4454 1122 4508 the
1142 4463 1260 4510 consent
1283 4453 1315 4510 oi
1331 4453 1381 4510 the

229 4535 441 4606 paterfamilias.
479 4535 542 4594 The
554 4535 637 4593 effect
650 4535 683 4592 oi
691 4551 728 4592 an
741 4534 895 4592 alienation
907 4535 1057 4592 forbidden
1070 4536 1109 4608 by
1120 4537 1173 4594 law
1186 4537 1209 4594 is
1222 4537 1274 4596 nil.

775 4635 836 4702 Q2

1056 4982 1286 5083 ss
