3266 5188
266 399 331 485 584
462 405 564 463 INST
562 406 610 461 [Τ
613 405 667 460 UT
665 404 812 462 IONUM
828 402 948 458 LIBRI
966 402 1202 474 QUATTUOR.
1290 401 1356 470 [Lib.
1372 407 1416 460 lv.

234 572 414 656 tcapiunt.¹
452 569 677 654 Appellantur
699 577 812 633 autem
835 567 1050 651 exceptiones
1072 566 1156 632 aliae
1178 578 1359 651 perpetuae
1382 575 1416 631 et

234 676 517 761 9peremptoriae,
546 674 632 738 aliae
658 671 859 756 temporales
884 681 918 736 et
942 671 1123 736 dilatoriae.
1169 671 1352 754 Perpetuae
1382 681 1416 735 et

266 780 510 864 peremptoriae
529 787 615 854 sunt,
632 798 717 860 quae
739 795 870 859 semper
889 776 1064 860 agentibus
1085 776 1219 840 obstant
1235 787 1269 840 et
1285 793 1417 858 semper

268 905 336 948 rem
352 884 395 947 de
410 904 477 965 qua
491 883 599 964 agitur
615 888 807 964 peremunt:
831 879 937 961 qualis
953 888 1003 944 est
1025 881 1180 963 exceptio
1200 880 1268 944 doli
1287 879 1366 943 mali
1382 887 1417 943 et

267 989 356 1070 quod
377 996 486 1051 metus
509 1006 608 1050 causa
627 985 751 1048 factum
774 992 874 1048 estet
895 984 983 1066 pacti
1005 985 1166 1063 conventi,
1181 1003 1257 1048 cum
1276 984 1322 1048 ita
1340 1003 1418 1047 con·

221 1101 254 1157 ιθ
267 1090 404 1168 venerit,
433 1110 475 1152 ne
504 1087 639 1152 omnino
669 1086 809 1170 pecunia
839 1095 1014 1168 peteretur.
1069 1086 1287 1170 Temporales
1316 1096 1418 1169 atque

267 1193 438 1257 dilatoriae
453 1201 539 1266 sunt,
556 1211 641 1273 quae
656 1192 699 1254 ad
714 1199 847 1272 tempus
867 1199 987 1252 nocent
1002 1198 1036 1253 et
1051 1192 1209 1274 temporis
1225 1192 1417 1256 dilationem

267 1297 435 1362 tribuunt:
457 1293 563 1378 qualis
585 1305 635 1359 est
658 1293 747 1377 pacti
769 1293 931 1367 conventi,
954 1313 1030 1357 cum
1048 1296 1245 1374 convenerit,
1268 1315 1309 1360 ne
1332 1296 1418 1360 intra

267 1409 394 1464 certum
424 1409 558 1481 tempus
590 1407 750 1482 ageretur,
781 1396 883 1460 veluti
913 1397 998 1460 intra
1026 1398 1295 1480 quinquennium.
1340 1420 1418 1463 narn

268 1503 363 1567 finito
385 1523 425 1567 eo
447 1512 597 1586 tempore
613 1521 678 1566 non
699 1500 879 1582 impeditur
893 1509 986 1563 actor
1006 1521 1075 1565 rem
1096 1503 1242 1584 exsequi.
1280 1521 1359 1586 ergo
1373 1503 1417 1579 hi,

269 1607 389 1691 quibus
415 1607 501 1670 intra
527 1616 660 1688 tempus
684 1624 782 1688 agere
805 1603 992 1666 volentibus
1016 1605 1157 1668 obicitur
1180 1607 1334 1689 exceptio
1361 1617 1420 1672 aut

268 1711 357 1794 pacti
381 1711 534 1775 conventi
558 1719 615 1774 aut
638 1707 704 1773 alia
732 1705 856 1784 similis,
885 1705 1016 1772 differre
1045 1709 1170 1774 debent
1196 1709 1360 1774 actionem
1385 1719 1420 1776 et

268 1824 346 1898 post
361 1823 493 1896 tempus
508 1833 624 1896 agere:
651 1812 726 1876 ideo
744 1810 832 1874 enim
853 1819 886 1874 et
909 1810 1084 1894 dilatoriae,
1100 1813 1183 1877 istae
1204 1814 1419 1896 exceptiones

215 1961 217 1966 -
269 1917 489 2001 appellantur.
519 1916 674 1999 alioquin,
697 1915 723 1978 si
747 1915 832 1977 intra
854 1924 986 1997 tempus
1011 1916 1136 1997 egerint
1159 1917 1355 2000 obiectaque
1376 1919 1420 1982 sit

270 2022 434 2104 exceptio,
455 2039 563 2104 neque
583 2041 623 2084 eo
644 2019 763 2083 iudicio
786 2019 968 2101 quidquam
987 2031 1264 2102 consequerentur
1285 2030 1421 2104 propter

271 2125 503 2208 exceptionem
519 2143 579 2187 nec
591 2133 667 2206 post
679 2132 811 2204 tempus
826 2120 905 2185 olim
921 2141 1018 2204 agere
1034 2131 1281 2204 poterant‚cum
1294 2133 1420 2190 temere

270 2249 340 2294 rem
357 2231 389 2292 in
404 2229 560 2293 iudicium
577 2225 786 2291 deducebant
808 2235 842 2290 et
860 2227 1108 2306 consumebant,
1124 2247 1190 2309 qua
1208 2229 1335 2292 ratione
1351 2249 1420 2292 rem

269 2332 478 2397 amittebant.
530 2331 631 2396 hodie
660 2339 772 2395 autem
803 2349 869 2393 non
904 2329 951 2392 ita
983 2330 1095 2394 stricte
1124 2329 1207 2396 haec
1241 2332 1420 2414 procedere

268 2436 431 2511 volumus,
448 2437 506 2500 sed
529 2455 613 2514 eum,
634 2435 689 2517 qui
712 2443 790 2498 ante
810 2443 941 2514 tempus
960 2433 1122 2515 pactionis
1136 2433 1188 2498 vel
1210 2435 1420 2518 obligationis

269 2539 362 2604 litem
392 2537 511 2603 inferre
541 2559 639 2603 ausus
670 2548 729 2616 est,
756 2537 965 2601 Zenonianae
996 2539 1222 2602 constitutioni
1253 2539 1421 2603 subiacere

270 2664 451 2718 censemus,
475 2663 575 2725 quam
598 2641 838 2707 sacratissimus
860 2639 1028 2723 legislator
1049 2641 1092 2704 de
1118 2641 1169 2705 his
1192 2643 1248 2725 qui
1271 2651 1421 2725 tempore

269 2745 346 2827 plus
375 2746 542 2827 petierunt
571 2746 717 2828 protulit,
748 2754 785 2808 ut
814 2754 848 2808 et
878 2745 1032 2821 indutias,
1056 2765 1148 2828 quas,
1175 2747 1203 2810 si
1230 2747 1300 2828 ipse
1330 2757 1422 2811 actor

270 2856 391 2930 sponte
415 2849 587 2912 indulserit
608 2848 661 2910 vel
685 2857 801 2911 natura
823 2849 962 2910 actionis
985 2849 1141 2925 continet,
1165 2859 1421 2931 contempserat,

271 2952 305 3014 in
328 2949 467 3033 duplum
489 2949 634 3014 habeant
649 2949 693 3029 hi,
708 2951 764 3032 qui
787 2948 889 3014 talem
913 2950 1062 3015 iniuriam
1083 2951 1172 3034 passi
1190 2962 1276 3028 sunt,
1294 2963 1327 3018 et
1346 2963 1422 3037 post

272 3075 329 3119 eas
353 3053 464 3118 finitas
485 3073 551 3117 non
577 3053 674 3118 aliter
698 3054 791 3118 litem
818 3054 1005 3136 suscipiant,
1029 3057 1090 3119 nisi
1116 3076 1233 3121 omnes
1258 3077 1422 3139 expensas

272 3158 340 3222 litis
354 3166 454 3222 antea
468 3159 663 3243 acceperint,
680 3167 717 3224 ut
732 3167 862 3222 actores
883 3157 941 3222 tali
962 3180 1072 3242 poena
1091 3161 1254 3243 perterriti
1270 3171 1423 3244 tempora

275 3443 429 3513 divisionis,
443 3461 468 3517 p.
483 3459 535 3514 412
549 3463 625 3516 supr.
662 3445 757 3500 Those
777 3445 869 3500 which
882 3461 930 3501 are
942 3447 1041 3516 purely
1053 3447 1212 3517 praetorian
1231 3447 1303 3502 form
1316 3465 1334 3502 a
1346 3447 1423 3518 large

273 3529 385 3600 portion
401 3529 434 3584 of
448 3531 496 3586 the
515 3529 678 3599 machinery
690 3529 729 3598 by
741 3529 832 3584 which
852 3531 900 3585 the
918 3541 1031 3600 praetor
1050 3531 1171 3586 enabled
1189 3532 1286 3604 equity
1298 3541 1328 3586 to
1344 3549 1423 3586 over-

274 3631 356 3669 come
372 3614 421 3670 the
436 3614 572 3684 hardship
584 3612 642 3668 and
661 3612 790 3683 injustice
809 3613 842 3667 of
856 3615 904 3668 the
923 3613 966 3667 ius
985 3613 1085 3682 civile;
1103 3632 1128 3669 e.
1136 3631 1164 3684 g.
1178 3616 1226 3670 the
1243 3613 1423 3686 exceptiones

274 3697 340 3765 doli,
353 3707 454 3766 metus,
467 3697 552 3768 pacti,
566 3696 606 3752 rei
626 3695 775 3766 iudicatae,
791 3697 848 3751 and
867 3696 896 3751 in
915 3697 1039 3766 factum;
1057 3697 1107 3753 but
1126 3699 1289 3755 sometimes
1308 3716 1326 3753 a
1344 3715 1424 3768 prae-

274 3781 366 3836 torian
376 3781 470 3835 action
481 3781 504 3835 is
515 3779 638 3850 repelled
651 3781 714 3850 bya
724 3779 812 3835 ‘civil'
824 3779 971 3850 exception
984 3798 991 3848 ;
1009 3797 1032 3836 e.
1039 3797 1067 3850 g.
1077 3781 1125 3836 the
1134 3783 1209 3837 actio
1222 3781 1425 3853 hypothecaria

274 3879 307 3917 or
319 3864 515 3920 constitutoris
526 3865 565 3934 by
577 3863 705 3936 exceptio
719 3861 781 3919 SC¹.
795 3863 943 3933 Velleiani,
958 3863 1024 3934 Dig.
1038 3863 1078 3920 16.
1091 3879 1113 3921 1.
1124 3865 1148 3921 8.
1160 3883 1201 3936 pr.
1213 3887 1220 3933 ;
1240 3865 1276 3921 ib.
1287 3881 1329 3936 29.
1339 3881 1379 3936 pr.

312 3945 370 4018 ξὸ.
391 3947 424 4001 ln
447 3947 573 4016 drawing
594 3947 651 4002 this
673 3945 837 4002 distinction
856 3947 997 4017 Justinian
1019 3948 1112 4002 would
1130 3950 1202 4004 have
1220 3949 1295 4004 done
1315 3949 1376 4004 well
1395 3959 1425 4004 to

274 4031 368 4086 follow
381 4029 478 4100 Gaius,
492 4031 555 4084 who
568 4031 637 4085 does
650 4041 699 4085 not
713 4031 759 4100 (iv.
777 4031 837 4099 120)
848 4047 898 4085 use
911 4031 959 4086 the
972 4031 1137 4089 alternative
1154 4043 1242 4088 terms
1254 4031 1426 4103 temporales

275 4113 333 4169 and
351 4123 523 4184 perpetuae;
541 4113 593 4184 for,
605 4131 637 4169 as
658 4115 712 4168 Mr.
727 4115 812 4170 Poste
831 4114 926 4184 points
945 4125 1002 4184 out,
1016 4113 1044 4169 in
1060 4115 1128 4171 Cod
1144 4129 1168 4186 5.
1185 4131 1224 4171 12.
1238 4131 1273 4186 30
1285 4116 1342 4170 and
1355 4118 1425 4172 else·

275 4197 370 4252 where
397 4195 576 4268 ‘temporalis
601 4197 744 4268 exceptio’
769 4197 887 4253 denotes
912 4198 960 4252 the
985 4199 1049 4269 plea
1073 4199 1106 4254 of
1126 4199 1311 4276 prescription
1337 4199 1425 4271 (longi

276 4281 412 4352 temporis
431 4281 571 4350 exceptio)
591 4281 682 4336 which
701 4297 758 4336 was
777 4282 923 4352 perpetual
941 4283 999 4337 and
1018 4293 1206 4354 peremptory.

313 4363 388 4435 §10-
407 4365 469 4420 The
494 4375 656 4421 enactment
681 4365 714 4419 of
735 4365 810 4420 Zeno
832 4365 955 4420 referred
979 4375 1009 4421 to
1035 4365 1118 4436 (Cod.
1131 4381 1155 4436 3.
1173 4380 1212 4422 ro.
1229 4365 1253 4436 r)
1275 4367 1328 4422 has
1353 4367 1426 4422 been

277 4449 393 4518 already
407 4449 565 4520 explained,
583 4449 639 4505 Tit.
651 4449 676 4504 6.
691 4463 724 4518 33
742 4465 816 4520 supr.
831 4449 888 4504 and
905 4459 994 4506 notes.
1035 4449 1135 4506 Under
1152 4451 1301 4521 Justinian,
1315 4451 1395 4506 when
1409 4469 1427 4506 a

278 4532 432 4590 defendant
453 4534 511 4591 had
531 4533 640 4608 proved
664 4533 709 4592 his
731 4533 852 4608 dilatory
872 4535 1029 4607 exception,
1054 4535 1091 4592 he
1117 4551 1173 4592 was
1198 4545 1248 4592 not
1269 4535 1427 4608 absolutely
