3152 5164
223 373 284 443 150
420 363 773 424 INSTITUTIONUM
790 362 911 418 LIBRI
930 361 1166 434 QUATTUOR.
1268 361 1325 427 [Lib
1346 367 1365 418 1.

733 541 849 608 XVII.

429 717 481 766 oa
503 713 689 766 summurn
712 711 968 763 sassonorum
992 711 1150 764 aurern.

264 855 320 920 Ex
344 855 461 921 eadem
484 855 557 939 lege
583 853 757 919 duodecim
783 851 968 916 tabularum
995 851 1187 916 libertorum
1214 860 1248 916 et
1271 851 1369 914 liber·

219 969 328 1023 tarum
350 960 455 1024 tutela
475 961 519 1023 ad
541 968 699 1042 patronos
722 957 906 1038 liberosque
927 976 1038 1019 eorum
1059 957 1212 1038 pertinet,
1228 976 1314 1037 quae
1334 963 1369 1018 et

220 1065 292 1145 ipsa
312 1063 460 1146 legitima
475 1062 580 1127 tutela
599 1070 752 1125 vocatur:
776 1080 841 1123 non
862 1060 939 1141 quia
960 1060 1155 1123 nominatim
1177 1079 1216 1122 ea
1237 1058 1311 1141 lege
1325 1057 1369 1121 de

219 1165 282 1230 hac
306 1167 412 1230 tutela
438 1175 578 1241 cavetur,
603 1165 664 1227 sed
691 1163 767 1246 quia
793 1163 928 1245 perinde
953 1172 1089 1245 accepta
1116 1172 1167 1226 est
1189 1182 1247 1244 per
1269 1162 1369 1224 inter·

220 1270 450 1351 pretationem,
465 1280 564 1350 atque
587 1269 614 1332 si
638 1267 746 1331 verbis
768 1267 850 1348 legis
873 1267 1059 1329 introducta
1077 1275 1174 1330 esset.
1220 1286 1259 1328 eo
1280 1265 1368 1328 enim

221 1373 301 1454 ipso,
328 1393 394 1455 quo
422 1371 621 1435 hereditates
651 1370 842 1434 libertorum
872 1367 1136 1451 libertatumque,
1164 1369 1190 1432 si
1221 1367 1369 1432 intestati

221 1477 446 1550 decessissent,
474 1475 611 1539 iusserat
635 1473 691 1536 lex
717 1473 759 1537 ad
786 1481 943 1555 patronos
970 1473 1130 1536 liberosve
1157 1492 1269 1536 eorum
1295 1491 1369 1553 per·

220 1580 333 1656 tinere,
348 1578 556 1642 crediderunt
571 1586 698 1642 veteres
713 1576 855 1641 voluisse
870 1575 978 1658 legem
996 1577 1095 1640 etiam
1111 1575 1231 1641 tutelas
1250 1576 1293 1638 ad
1312 1594 1370 1638 eos

220 1684 391 1765 pertinere,
402 1687 476 1746 cum
490 1692 523 1746 et
539 1682 711 1763 adgnatos,
722 1701 805 1763 quos
820 1680 863 1743 ad
879 1679 1096 1743 hereditatem
1112 1688 1217 1757 vocat,
1233 1677 1368 1742 eosdem

221 1795 255 1849 et
270 1795 395 1850 tutores
411 1806 484 1850 esse
507 1786 599 1849 iussit
620 1793 654 1848 et
678 1785 754 1866 quia
779 1784 979 1867 plemmque,
1002 1783 1058 1846 ubi
1081 1784 1294 1847 successionis
1318 1790 1369 1846 est

221 1891 491 1966 emolumentum,
517 1889 561 1951 ibi
587 1897 621 1951 et
646 1887 771 1952 tutelae
793 1907 876 1950 onus
899 1907 971 1950 esse
994 1886 1104 1951 debet.
1151 1886 1227 1950 ideo
1257 1894 1369 1948 autem

220 1993 366 2058 diximus
386 1993 587 2077 plerumque,
607 1993 692 2075 quia,
708 1994 734 2056 si
758 2013 778 2055 a
797 1991 919 2054 femina
939 1991 1090 2074 impubes
1111 1991 1370 2069 manumittatur,

220 2098 291 2178 ipsa
305 2098 348 2160 ad
363 2096 582 2161 hereditatem
597 2105 740 2173 vocatur,
756 2115 830 2159 cum
847 2094 930 2165 alius
946 2104 996 2158 est
1011 2104 1109 2161 tutor.

729 2281 862 2346 XVIII.

445 2450 496 2500 ou
519 2449 703 2500 Leorrrnn
726 2449 950 2502 rauranum
974 2452 1133 2503 surrex.

266 2590 434 2674 Exemplo
449 2598 662 2674 patronomm
678 2599 810 2673 recepta
823 2599 874 2656 est
889 2602 923 2656 et
937 2591 1002 2656 alia
1017 2591 1133 2668 tutela,
1150 2612 1235 2674 quae
1249 2599 1283 2656 et
1298 2591 1370 2674 ipsa

220 2695 369 2779 legitima
383 2705 526 2760 vocatur.
568 2715 645 2758 nam
667 2697 694 2762 si
715 2697 788 2778 quis
810 2694 912 2758 filium
933 2705 991 2760 aut
1013 2695 1125 2774 filiam,
1140 2704 1296 2778 nepotem
1312 2705 1370 2759 aut

220 2809 354 2882 neptem
367 2819 411 2862 ex
427 2797 494 2861 filio
510 2806 543 2862 et
555 2799 709 2882 deinceps
725 2797 912 2880 impuberes
923 2799 1188 2884 emancipaverit,
1201 2798 1370 2880 legitimus

221 2923 333 2966 eorum
349 2911 439 2966 tutor
455 2902 525 2966 erit.

255 3067 314 3118 Tira
328 3067 432 3118 xm
453 3063 559 3118 Where
571 3080 589 3117 a
601 3062 718 3118 libertus
731 3062 800 3116 civis
814 3062 880 3118 died
890 3063 1031 3132 intestate,
1039 3063 1145 3133 having
1157 3080 1195 3117 no
1207 3080 1274 3118 suus
1287 3065 1370 3118 heres

223 3147 282 3216 (the
295 3146 429 3216 meaning
441 3147 474 3200 os
483 3145 607 3200 intestati
622 3145 650 3198 in
663 3146 711 3200 the
724 3147 802 3215 text),
816 3148 863 3202 the
876 3157 976 3216 patron
990 3147 1058 3201 took
1072 3145 1115 3202 his
1130 3156 1263 3216 property
1276 3163 1307 3202 as
1322 3147 1371 3216 (by

222 3248 240 3286 a
253 3229 361 3300 fiction)
375 3230 419 3284 his
436 3240 548 3285 nearest
561 3239 674 3300 agnate,
687 3230 744 3284 and
756 3232 805 3286 the
817 3233 905 3286 tutela
917 3242 990 3287 went
1004 3232 1032 3286 in
1045 3233 1094 3287 the
1107 3249 1185 3287 same
1195 3250 1257 3304 way
1266 3250 1303 3287 on
1322 3234 1370 3288 the

221 3316 343 3384 analogy
355 3314 387 3368 ol
396 3315 444 3369 the
456 3313 582 3383 legitima
594 3314 781 3383 adgnatorum
794 3317 889 3370 tutela.
910 3317 964 3371 But
978 3317 1059 3371 when
1072 3334 1089 3370 a
1104 3315 1220 3370 Latinus
1235 3315 1370 3370 Iunianus

222 3398 296 3468 (who
315 3397 398 3452 could
416 3396 526 3452 neither
544 3398 617 3452 have
635 3415 653 3452 a
671 3415 738 3452 suus
756 3400 838 3454 heres
851 3416 903 3453 nor
916 3400 999 3453 make
1012 3417 1030 3453 a
1042 3399 1107 3467 will)
1121 3398 1195 3468 died,
1209 3401 1256 3454 the
1269 3410 1370 3469 patron

220 3481 288 3536 took
302 3481 349 3536 the
362 3491 495 3552 property
506 3481 545 3551 by
554 3499 572 3536 a
582 3480 710 3537 different
720 3481 788 3552 title,
799 3482 858 3538 iure
868 3482 969 3553 peculii
982 3483 1044 3551 (Bk.
1056 3482 1094 3536 iii.
1103 3495 1126 3550 7.
1137 3482 1231 3551 4inI).
1270 3485 1371 3539 Hence

219 3565 267 3620 the
286 3565 449 3620 succession
467 3566 500 3620 oi
513 3567 562 3620 the
579 3566 667 3621 tutela
684 3566 734 3621 did
751 3577 801 3621 not
819 3566 992 3636 necessarily
1009 3583 1046 3636 go
1068 3567 1215 3637 together:
1235 3567 1327 3622 ‘unde
1346 3566 1370 3621 si

219 3649 322 3704 ancilla
340 3667 374 3703 ex
393 3649 452 3705 iure
466 3649 616 3719 Quiritium
634 3659 683 3704 tua
701 3650 746 3719 sit,
760 3649 788 3703 in
805 3649 889 3704 honis
906 3667 978 3720 mea,
998 3668 1016 3705 a
1032 3667 1078 3705 me
1095 3650 1210 3721 quidem
1226 3651 1295 3718 solu,
1313 3668 1370 3704 non

219 3732 305 3786 etiam
319 3743 376 3788 ate
389 3733 572 3802 manumissa,
588 3732 689 3788 Latina
702 3732 761 3788 fieri
775 3743 876 3803 potest,
891 3744 918 3788 et
934 3735 1011 3789 bona
1027 3733 1087 3788 eius
1104 3733 1141 3787 ad
1157 3751 1203 3787 me
1220 3734 1370 3802 pertinent,

220 3815 271 3870 sed
291 3817 351 3871 eius
370 3818 458 3871 tutela
477 3816 527 3870 tibi
546 3815 701 3885 competit:
720 3833 787 3870 nam
807 3816 846 3870 ita
863 3817 925 3886 lege
946 3817 1018 3871 Iulia
1037 3819 1162 3873 cavetur'
1175 3815 1264 3870 Gaius
1277 3815 1294 3870 i.
1312 3817 1370 3883 167.

220 3897 291 3952 This
301 3899 325 3953 is
335 3899 455 3952 another
467 3897 615 3968 exception
628 3907 657 3951 to
670 3899 718 3953 the
731 3899 790 3952 rule
803 3899 870 3953 here
879 3900 972 3954 stated
982 3901 1020 3970 by
1028 3900 1179 3970 Justinian,
1190 3899 1371 3969 ‘plerumque

220 3980 267 4035 ubi
282 3981 470 4036 successionis
489 3990 532 4035 est
551 3981 780 4050 emolumentum,
794 3981 832 4035 ibi
846 3993 873 4036 et
886 3984 990 4038 tutelae
1009 3999 1080 4038 onus
1096 4001 1159 4038 esse
1177 3983 1278 4038 debet!
1317 3983 1345 4036 If
1354 3999 1371 4037 a

220 4064 278 4119 free
291 4081 395 4136 person
408 4065 436 4119 in
450 4063 593 4134 mancipio
606 4081 678 4118 were
691 4065 880 4120 manumitted
892 4066 973 4121 while
987 4067 1117 4136 impubes
1129 4067 1168 4136 by
1177 4067 1222 4121 his
1235 4067 1371 4138 superior,

220 4148 299 4203 there
312 4147 418 4217 having
431 4148 505 4202 been
523 4163 561 4201 no
580 4147 683 4202 fiducia
698 4149 775 4218 (note
787 4167 824 4203 on
836 4150 892 4206 Tit.
906 4166 944 4206 12.
958 4151 975 4206 6
989 4151 1075 4222 supr.)
1086 4151 1214 4206 between
1228 4152 1276 4206 the
1289 4153 1372 4206 latter

221 4229 278 4284 and
297 4231 345 4285 the
364 4241 453 4300 pater,
466 4232 515 4285 the
533 4229 661 4300 superior
677 4231 795 4286 became
814 4243 957 4303 patronus,
971 4235 1028 4289 and
1048 4235 1112 4288 thus
1130 4244 1205 4289 tutor
1220 4234 1371 4304 legitimus.

222 4313 279 4365 For
291 4329 370 4368 some
383 4315 509 4369 remarks
523 4331 560 4368 on
573 4316 621 4370 the
635 4313 858 4385 ‘interpretatio'
870 4317 902 4370 os
908 4317 956 4373 the
969 4319 1028 4371 XII
1041 4318 1146 4372 Tables
1159 4317 1217 4372 and
1230 4319 1311 4372 other
1323 4317 1371 4372 old

221 4403 340 4448 statutes
354 4413 401 4450 see
416 4397 538 4452 General
553 4397 660 4452 Introd.
673 4415 699 4469 p.
713 4410 747 4468 45
761 4416 837 4469 supr.

256 4479 316 4532 vit.
328 4481 451 4534 XVIII.
474 4481 498 4534 lt
512 4481 581 4536 does
594 4491 643 4536 not
657 4499 734 4538 seem
747 4483 808 4537 that
821 4499 877 4554 any
894 4500 1008 4553 express
1026 4493 1131 4538 statute
1147 4483 1206 4539 had
1223 4481 1371 4537 conferred
