3268 5142
189 360 302 426 Titia]
520 358 581 413 DE
602 357 795 413 PUBLICIS
816 357 1003 415 IUDICIIS.
1279 349 1342 431 607

188 521 361 586 infandam
383 519 554 585 libidinem
578 541 733 585 exercere
756 519 890 584 audent.
936 520 994 584 sed
1017 520 1133 584 eadem
1157 519 1232 604 lege
1256 521 1340 586 Iulia

189 626 291 690 etiarn
307 625 412 707 stupri
431 623 592 707 flagitium
613 625 758 706 punitur,
774 644 849 688 cum
871 624 943 705 quis
964 624 1035 687 sine
1057 625 1089 687 vi
1108 623 1161 687 vel
1179 625 1340 706 virginem

187 729 241 792 vel
266 728 403 792 viduam
429 727 569 792 honeste
597 728 764 791 viventem
792 726 997 809 stupraverit.
1052 747 1194 809 poenam
1224 738 1339 792 autem

189 833 307 897 eadem
323 831 381 895 lex
397 831 519 914 irrogat
535 831 770 914 peccatoribus,
786 831 813 894 si
834 831 965 894 honesti
981 840 1065 907 sunt,
1082 830 1339 913 publicationem

188 936 291 1018 partis
322 937 479 1000 dimidiae
504 936 676 1013 bonorum,
699 937 726 998 si
756 934 907 1013 humiles,
934 936 1078 1018 corporis
1107 937 1339 999 coercitionem

189 1061 264 1104 cum
281 1039 490 1122 relegatione.
526 1041 612 1103 Item
625 1040 682 1104 lex
697 1038 851 1103 Cornelia
862 1040 905 1104 de
916 1041 1047 1118 sicariis,
1059 1059 1145 1121 quae
1156 1039 1371 1107 homicidas5

188 1142 295 1207 ultore
317 1142 403 1207 ferro
425 1144 633 1226 persequitur
652 1143 704 1207 vel
727 1164 792 1221 eos,
810 1143 866 1226 qui
881 1142 1031 1206 hominis
1053 1144 1222 1208 occidendi
1242 1164 1341 1208 causa

189 1267 264 1310 cum
288 1246 357 1310 telo
379 1246 561 1312 ambulant.
605 1246 710 1311 telum
733 1257 856 1325 autem,
872 1256 908 1309 ut
930 1245 1032 1310 Gaius
1054 1257 1165 1310 noster
1187 1249 1221 1309 in
1241 1248 1341 1312 inter-

189 1351 376 1431 pretatione
398 1349 481 1432 legis
503 1351 680 1415 duodecim
698 1350 885 1414 tabularum
907 1351 1066 1432 scriptum
1087 1350 1225 1432 reliquit,
1241 1351 1341 1433 vulgo

189 1455 323 1534 quidem
348 1454 381 1516 id
408 1454 603 1536 appellatur,
629 1455 718 1536 quod
744 1455 787 1517 ab
812 1474 888 1516 arcu
914 1453 1073 1516 mittitur:
1100 1455 1159 1516 sed
1184 1463 1218 1516 et
1241 1475 1342 1519 omne

189 1557 398 1640 significatur,
429 1559 519 1640 quod
551 1578 650 1621 manu
682 1557 853 1622 cuiusdam
884 1557 1044 1620 mittitur:
1075 1541 1221 1638 sequitur
1251 1578 1339 1638 ergo,

190 1669 225 1724 ut
255 1671 290 1724 et
320 1661 404 1743 lapis
435 1672 469 1725 et
499 1661 626 1744 lignum
657 1671 690 1725 et
719 1661 841 1724 serrum
871 1660 934 1723 hoc
965 1660 1097 1722 nomine
1123 1659 1339 1725 contineatur.

188 1764 380 1846 dictumque
409 1765 452 1826 ab
482 1785 530 1843 eo,
557 1764 647 1847 quod
679 1766 712 1828 in
742 1763 959 1846 longinquum
989 1763 1138 1840 mittitur,
1161 1783 1183 1825 a
1213 1761 1339 1827 Graeca

188 1888 269 1932 voce
295 1867 481 1950 figuratum,
509 1866 567 1930 ἀπὸ
597 1872 648 1930 τοῦ
674 1872 785 1946 ephori:
816 1877 850 1932 et
879 1867 964 1931 hanc
993 1866 1264 1950 significationem
1292 1869 1339 1930 in-

187 1973 298 2036 venire
318 1993 493 2054 possumus
512 1981 545 2036 et
569 1971 602 2035 in
622 1971 750 2036 Graeco
772 1971 923 2035 nomine:
947 1991 1024 2034 nam
1045 1972 1135 2053 quod
1156 1991 1216 2034 nos
1232 1971 1336 2035 telum

187 2075 404 2159 appellamus,
426 2076 472 2140 illi
493 2075 588 2154 βέλος
606 2076 776 2159 appellant
799 2075 930 2138 ἀπὸτοῦ
952 2074 1133 2152 βάλλεσθαι.
1178 2075 1337 2141 admonet

187 2201 247 2243 nos
278 2179 479 2262 Xenophon,
510 2199 587 2242 nam
617 2180 664 2244 ita
690 2180 838 2261 scripsit:
870 2178 918 2240 καὶ
942 2180 979 2241 τὰ
1001 2179 1080 2256 βέλη
1110 2179 1183 2256 ὁμοῦ
1206 2178 1336 2259 ἐφέρετο,

185 2285 306 2364 λόγχαι,
323 2283 491 2359 τοξεύματα,
512 2283 686 2362 σφενδόναι,
702 2287 840 2346 πλεῖστοι
857 2285 890 2344 δὲ
910 2280 956 2344 καὶ
979 2283 1067 2344 λίθοι.
1099 2281 1203 2346 sicarii
1224 2293 1337 2346 autem

185 2387 394 2470 appellantur
416 2407 436 2449 a
459 2387 534 2463 sica,
557 2388 645 2468 quod
673 2387 837 2469 significat
861 2385 1002 2450 ferreum
1025 2384 1176 2450 cultrum.
1219 2387 1337 2450 eadem

186 2491 259 2574 lege
283 2499 317 2554 et
341 2489 477 2553 venefici
502 2491 611 2571 capite
639 2489 849 2564 damnantur,
875 2489 931 2570 qui
957 2489 1083 2551 artibus
1110 2489 1241 2563 odiosis,
1267 2499 1337 2553 tam

184 2595 318 2658 venenis
347 2593 400 2657 vel
430 2594 567 2656 susurris
598 2594 735 2676 magicis
766 2593 915 2656 homines
947 2591 1138 2656 occiderunt
1164 2592 1217 2656 vel
1248 2593 1337 2658 maia

184 2892 225 2958 48.
243 2903 304 2960 5.1.
350 2890 412 2943 The
437 2887 575 2958 penalties
596 2887 688 2942 which
710 2888 730 2942 it
751 2889 838 2958 really
860 2886 987 2943 inflicted
1011 2905 1090 2944 seem
1112 2899 1141 2944 to
1165 2889 1239 2944 have
1263 2877 1337 2946 been

184 2973 319 3044 relegatio
332 2972 360 3026 in
374 2972 495 3026 insulam
508 2971 565 3025 and
581 2971 682 3041 partial
696 2971 881 3026 confiscation
895 2972 928 3026 oi
941 2973 989 3027 the
1002 2983 1134 3043 property
1148 2973 1180 3027 of
1188 2973 1257 3028 both
1271 2991 1338 3028 man

184 3058 241 3113 and
254 3073 373 3124 woman,
388 3056 464 3110 Paul.
479 3064 549 3110 sent.
563 3072 619 3110 rec.
634 3071 658 3109 2.
671 3054 712 3110 26.
731 3069 780 3118 14:
800 3054 835 3109 ci.
846 3057 915 3112 Tac.
925 3056 998 3110 Ann
1014 3071 1037 3110 2.
1049 3069 1089 3126 50.
1106 3057 1138 3126 85
1153 3055 1197 3110 ‘in
1215 3055 1337 3111 insulam

184 3139 344 3198 ...abdita
362 3140 422 3207 est,’
440 3137 478 3193 ib.
497 3153 523 3206 3.
542 3153 576 3205 24
596 3137 779 3208 ¹(Augustus)
796 3138 939 3194 adulteros
959 3150 1049 3194 morte
1067 3149 1116 3194 aut
1134 3140 1202 3209 fuga
1219 3141 1337 3210 punivit,

185 3242 250 3280 suas
269 3224 330 3294 ipse
349 3224 426 3292 leges
445 3221 625 3292 egrediens2’
644 3221 681 3277 ib.
694 3237 720 3288 4.
733 3237 777 3289 42.
814 3223 871 3276 For
889 3223 969 3276 these
985 3220 1070 3276 death
1090 3239 1147 3276 was
1166 3223 1337 3280 substituted

183 3309 221 3377 by
235 3305 429 3375 Constantine,
444 3305 513 3360 Cod.
527 3319 553 3374 9.
567 3319 590 3374 9.
606 3319 647 3374 30.
665 3321 697 3371 15
717 3304 738 3359 it
754 3321 847 3359 seems
865 3303 974 3371 usually
987 3312 1016 3356 to
1034 3303 1107 3358 have
1123 3304 1196 3358 been
1210 3305 1336 3362 inflicted

184 3407 220 3445 on
243 3391 291 3446 the
310 3406 421 3444 woman
443 3405 475 3443 as
497 3389 568 3458 well,
591 3387 737 3444 ‘adulterii
759 3387 984 3443 damnatam...
999 3385 1023 3440 si
1042 3402 1164 3455 poenam
1184 3389 1335 3458 capitalem

182 3473 317 3530 evaserit’
332 3474 404 3529 Cod.
417 3488 442 3543 9.
454 3489 478 3543 9.
493 3487 519 3542 9.

219 3560 370 3629 ‘Stuprum
389 3555 548 3626 committit,
568 3555 616 3627 qui
641 3555 760 3610 liberam
786 3553 932 3608 mulierem
954 3551 1166 3608 consuetudinis
1184 3570 1271 3610 causa
1284 3595 1291 3610 .
1304 3594 1334 3613 ..

182 3642 323 3698 continet'
336 3641 402 3710 Dig.
415 3641 459 3708 48.
474 3653 498 3709 5.
511 3655 554 3708 34.
569 3657 608 3710 pr.
657 3637 790 3708 Corporis
803 3636 936 3692 coercitio
951 3637 974 3691 is
988 3635 1144 3690 illustrated
1159 3637 1197 3706 by
1211 3637 1276 3708 Dig.
1289 3641 1334 3707 48.

184 3741 225 3796 19.
239 3726 264 3780 6.
283 3740 298 3779 2
319 3724 419 3780 ‘veluti
444 3722 561 3778 fustium
586 3721 751 3790 admonitio,
777 3722 952 3789 flagellorum
978 3719 1135 3790 castigatio,
1158 3719 1333 3777 vinculorum

181 3807 357 3866 verberatio!

218 3891 275 3963 ξὸ.
294 3893 357 3947 The
375 3893 420 3946 lex
440 3889 571 3946 Cornelia
589 3889 625 3946 de
643 3887 751 3944 sicariis
770 3898 797 3943 et
817 3886 951 3942 veneficis
966 3886 1044 3956 (Dig.
1058 3887 1101 3953 48.
1118 3888 1143 3957 5)
1158 3905 1215 3943 was
1228 3891 1332 3958 passed

180 3981 219 4048 by
233 3979 311 4033 Sulla
324 3978 352 4032 in
365 3978 413 4033 the
426 3977 486 4031 first
499 3993 530 4030 or
543 3975 648 4030 second
661 3991 729 4043 year
741 3973 773 4028 oi
782 3971 826 4026 his
840 3970 1034 4042 dictatorship,
1048 3972 1113 4026 circ.
1126 3973 1157 4027 81
1174 3985 1231 4028 ue
1270 3976 1333 4030 The

180 4063 285 4132 charge
301 4078 339 4115 on
356 4059 447 4114 which
466 4058 587 4113 Roscius
605 4056 755 4111 Amerinus
773 4072 830 4110 was
850 4054 991 4110 defended
1009 4054 1047 4123 by
1061 4055 1160 4110 Cicero
1173 4073 1229 4110 was
1243 4057 1333 4114 based

180 4162 258 4216 upon
277 4144 312 4198 its
331 4142 497 4214 provisions.
543 4143 585 4196 Its
604 4140 742 4210 penalties
765 4155 837 4194 were
858 4155 950 4208 aquae
970 4147 998 4193 et
1021 4137 1094 4207 ignis
1115 4137 1283 4210 interdictio,
1302 4152 1332 4196 to

180 4229 272 4283 which
285 4227 375 4299 Julius
390 4229 495 4282 Caesar
510 4225 605 4281 added
623 4223 774 4291 sorieiture,
788 4221 853 4292 Dig.
868 4223 911 4288 48.
925 4223 950 4276 8.
964 4237 989 4289 3.
1004 4234 1027 4291 5,
1040 4222 1091 4276 but
1107 4221 1135 4276 in
1152 4240 1238 4292 many
1250 4241 1331 4280 cases

180 4313 267 4368 death
280 4329 337 4366 was
355 4310 499 4376 inflicted3
516 4308 582 4364 ‘sed
598 4309 690 4363 solent
706 4306 791 4360 hodie
805 4305 896 4375 capite
909 4304 1009 4374 puniri,
1027 4304 1080 4360 nisi
1094 4306 1255 4364 honestiore
1268 4309 1331 4364 loco

179 4395 266 4467 positi
279 4394 389 4465 suerint,
403 4403 433 4449 ut
446 4410 569 4464 poenam
582 4391 652 4462 legis
665 4389 838 4445 sustineant'
851 4388 917 4459 Dig.
930 4389 982 4444 loc.
997 4389 1042 4444 cit.

217 4480 279 4534 The
292 4478 435 4536 reference
448 4487 478 4534 to
491 4476 652 4547 Xenophon
665 4473 689 4529 is
702 4483 731 4530 to
744 4473 836 4529 Anab.
852 4484 875 4544 5.
889 4485 912 4526 a.
930 4486 969 4538 14.
