3152 5164
221 429 283 498 134
419 417 769 475 INSTITUTIONUM
787 417 907 472 LIBRI
925 416 1162 488 QUATTUOR.
1273 418 1338 484 [Lib.
1352 423 1372 473 1.

220 583 465 649 distinctionem
481 583 604 667 recipit.
650 603 727 646 nam
750 593 880 646 mortuo
900 589 994 665 patre
1009 602 1089 646 sane
1104 581 1296 646 omnimodo
1312 581 1369 644 filii

219 689 347 752 filiaeve
368 688 417 752 sui
438 687 515 751 iuris
534 687 726 752 efficiuntur.
764 695 893 750 mortuo
913 705 991 749 vero
1011 707 1074 749 avo
1095 705 1160 750 non
1176 685 1370 749 omnimodo

220 803 357 876 nepotes
379 801 560 874 neptesque
580 791 630 854 sui
653 791 730 853 iuris
753 789 845 867 fiunt,
864 792 923 854 sed
945 790 1001 866 ita,
1018 789 1044 852 si
1063 799 1139 872 post
1161 798 1302 853 mortem
1317 791 1370 853 avi

220 898 254 959 in
270 905 471 978 potestatem
488 895 591 978 patris
607 894 654 958 sui
676 895 815 958 recasuri
831 913 896 957 non
912 902 1006 958 sunt:
1029 894 1141 976 itaque
1161 893 1187 957 si
1209 895 1371 958 moriente

220 1019 283 1062 avo
306 1008 401 1082 pater
423 1017 535 1061 eorum
559 1007 592 1062 et
613 999 695 1061 vivit
717 1005 751 1060 et
774 999 806 1060 in
829 1005 995 1080 potestate
1016 997 1118 1080 patris
1141 996 1189 1059 sui
1213 1006 1272 1074 est,
1292 1007 1370 1062 tunc

220 1114 297 1187 post
319 1103 446 1167 obitum
468 1103 520 1166 avi
539 1101 572 1164 in
593 1102 695 1185 patris
717 1101 766 1164 sui
789 1110 956 1184 potestate
978 1099 1080 1166 fiunt:
1103 1100 1130 1164 si
1152 1121 1231 1164 vero
1252 1102 1288 1180 is,
1304 1122 1370 1184 quo

220 1216 370 1289 tempore
391 1227 472 1270 avus
496 1205 639 1283 moritur,
654 1215 711 1269 aut
734 1205 800 1269 iam
824 1217 971 1270 mortuus
993 1213 1043 1269 est
1064 1215 1122 1268 aut
1145 1205 1228 1268 exiit
1248 1205 1291 1270 de
1309 1224 1370 1289 po·

220 1319 344 1374 testate
369 1309 480 1392 patris,
507 1320 586 1374 tunc
609 1309 654 1384 hi,
679 1309 756 1391 quia
783 1309 816 1371 in
841 1317 1039 1391 potestatem
1066 1309 1135 1372 eius
1161 1310 1279 1372 cadere
1302 1330 1369 1374 non

196 1423 367 1497 lpossunt,
382 1414 431 1477 sui
448 1413 526 1476 iuris
542 1412 635 1477 fiunt.
680 1411 764 1476 Cum
786 1422 897 1477 autem
921 1413 956 1490 is,
971 1413 1027 1494 qui
1048 1413 1091 1476 ob
1112 1411 1246 1495 aliquod
1269 1411 1371 1477 male·

221 1518 331 1580 ficium
355 1519 389 1580 in
413 1515 553 1580 insulam
577 1517 778 1598 deportatur,
804 1517 971 1580 civitatem
998 1517 1129 1594 amittit,
1155 1516 1302 1598 sequitur
1324 1525 1369 1594 ut,

222 1622 299 1702 quia
315 1642 355 1684 eo
370 1621 470 1683 modo
486 1640 530 1683 ex
546 1640 682 1684 numero
701 1620 820 1684 civium
841 1619 1068 1684 Romanorum
1084 1618 1217 1696 tollitur,
1233 1620 1370 1703 perinde

222 1724 289 1788 acsi
316 1732 446 1787 mortuo
469 1743 509 1787 eo
531 1723 683 1788 desinant
708 1722 801 1786 liberi
828 1723 862 1785 in
887 1731 1053 1805 potestate
1078 1724 1146 1786 eius
1170 1744 1251 1788 esse.
1299 1724 1369 1808 pari

223 1829 349 1892 ratione
372 1835 405 1890 et
428 1826 454 1890 si
478 1827 514 1905 is,
532 1827 588 1909 qui
611 1828 643 1889 in
666 1835 834 1910 potestate
855 1827 1001 1909 parentis
1023 1828 1073 1904 sit,
1096 1827 1130 1889 in
1150 1826 1291 1891 insulam
1311 1829 1369 1892 de·

220 1940 370 2016 portatus
392 1930 497 2006 suerit,
519 1928 640 1994 desinit
663 1931 696 1994 in
714 1939 882 2012 potestate
901 1929 1047 2012 parentis
1068 1951 1148 1995 esse.
1193 1931 1252 1995 sed
1276 1933 1303 1995 si
1326 1953 1370 1996 ex

221 2034 425 2119 indulgentia
451 2033 621 2118 principali
648 2035 788 2099 restituti
816 2032 944 2112 suerint,
971 2054 1030 2116 per
1059 2035 1170 2098 omnia
1196 2036 1369 2118 pristinum

221 2269 288 2326 iuris
301 2289 338 2325 on
351 2273 401 2326 the
408 2270 614 2340 grandfather’s
626 2270 723 2338 death,
733 2268 757 2323 it
765 2267 839 2324 their
851 2285 913 2324 own
922 2269 1013 2324 t'ather
1023 2269 1047 2324 is
1057 2270 1086 2324 in
1096 2271 1144 2325 the
1154 2287 1233 2326 same
1243 2279 1370 2342 potestas

222 2353 287 2408 with
301 2355 388 2422 them,
402 2363 477 2408 must
495 2353 533 2407 be
552 2352 685 2422 qualibed
703 2353 742 2422 by
754 2353 829 2406 what
842 2353 894 2407 has
907 2353 979 2408 been
999 2353 1062 2408 said
1074 2354 1165 2409 above
1178 2371 1215 2408 on
1230 2355 1284 2410 Tit.
1301 2370 1339 2410 11.
1354 2357 1370 2410 8

222 2436 250 2490 in
263 2436 425 2506 remarking
438 2453 514 2506 upon
529 2436 594 2505 Dig.
612 2451 632 2490 1.
647 2449 672 2502 7.
685 2450 728 2503 41.

257 2519 271 2586 §
286 2523 309 2574 1.
333 2522 366 2574 ln
379 2521 427 2574 the
441 2519 510 2574 time
527 2517 560 2572 os
575 2517 664 2574 Gaius
679 2518 706 2587 (i.
724 2518 784 2587 128)
798 2517 1019 2575 condemnation
1032 2530 1062 2575 to
1075 2521 1133 2576 loss
1146 2522 1179 2575 of
1191 2519 1290 2576 civitas
1302 2521 1371 2576 took

221 2599 270 2658 the
291 2603 364 2658 {orm
383 2603 416 2656 of
433 2619 525 2674 aquae
544 2613 572 2658 et
594 2602 668 2671 ignis
687 2602 856 2672 interdictio,
875 2603 967 2658 which
986 2603 1135 2674 originally
1153 2621 1211 2660 was
1229 2605 1336 2673 merely
1354 2622 1372 2660 a

221 2687 331 2741 solemn
347 2685 544 2741 confirmation
564 2685 596 2741 ol
610 2687 759 2757 voluntary
772 2686 843 2742 exile
856 2687 895 2756 by
907 2687 999 2742 which
1018 2705 1055 2743 an
1074 2688 1197 2743 accused
1210 2685 1279 2743 civis
1292 2687 1371 2743 with·

221 2769 297 2825 drew
307 2769 424 2824 himself
432 2771 504 2824 from
518 2785 536 2824 a
548 2767 676 2824 criminal
689 2769 878 2840 prosecution,
888 2771 946 2825 and
959 2771 1026 2841 only
1035 2772 1238 2843 subsequently
1247 2789 1329 2827 came
1342 2781 1372 2827 to

221 2853 257 2908 be
270 2853 349 2922 used,
358 2863 439 2922 apart
452 2853 524 2907 from
537 2854 606 2922 that,
620 2870 652 2907 as
665 2870 684 2907 a
695 2853 767 2908 form
780 2855 814 2909 ol
821 2853 1004 2924 punishment
1016 2875 1024 2922 ;
1043 2872 1091 2910 see
1105 2855 1175 2925 Livy
1186 2867 1275 2925 25.4;
1294 2855 1337 2911 26.
1346 2870 1371 2926 3,

222 2936 281 2992 Cic.
295 2953 346 3006 pro
360 2939 442 2992 Caec.
458 2949 499 3004 33.
514 2950 556 3004 34.
593 2935 674 2990 Alter
691 2937 780 2991 Gaius
799 2935 820 2991 it
839 2937 958 2992 became
972 2955 1050 2993 more
1063 2940 1144 2993 usual
1161 2949 1191 2993 to
1206 2937 1294 2993 inflict
1313 2940 1371 2993 loss

221 3021 254 3074 ol
268 3019 367 3074 civitas
380 3021 418 3088 by
431 3019 590 3089 deportatio
607 3019 636 3073 in
655 3019 786 3089 insulam,
799 3038 817 3074 a
830 3031 964 3076 sentence
983 3021 1016 3075 ol
1030 3022 1212 3077 banishment
1226 3022 1269 3076 sor
1281 3021 1328 3077 lile
1341 3033 1371 3077 to

220 3103 311 3158 either
329 3119 366 3157 an
386 3102 478 3158 island
491 3119 523 3157 or
535 3119 615 3157 some
627 3103 759 3157 confined
775 3121 862 3174 space
880 3121 917 3159 on
936 3105 985 3160 the
1004 3105 1158 3175 mainland,
1173 3105 1239 3176 Dig.
1254 3120 1295 3174 32.
1313 3121 1334 3161 1.
1346 3121 1370 3176 3.

223 3187 411 3257 Deportation
431 3187 463 3240 oi
477 3185 568 3241 either
584 3185 661 3240 child
683 3202 716 3240 or
737 3186 830 3241 father
848 3197 897 3257 put
915 3205 952 3242 an
973 3189 1029 3243 end
1047 3199 1077 3243 to
1096 3199 1231 3259 potestas,
1249 3190 1371 3245 because

222 3270 288 3340 (Tit
303 3285 328 3339 9.
342 3285 358 3324 2
371 3270 458 3340 supr.)
480 3269 538 3324 ‘ius
559 3268 708 3340 potestatis
731 3269 875 3340 proprium
897 3281 940 3326 est
963 3271 1066 3326 civium
1087 3273 1281 3328 Romanorum
1295 3275 1312 3328 :'
1333 3272 1371 3343 by

221 3353 314 3424 losing
333 3353 378 3408 his
399 3353 497 3408 civitas
518 3354 566 3408 the
588 3352 665 3408 child
683 3354 738 3408 lost
756 3353 801 3408 his
820 3355 951 3425 capacity
971 3357 1003 3409 of
1021 3355 1108 3425 being
1126 3356 1154 3410 in
1173 3367 1309 3427 potestas,
1322 3357 1372 3412 the

221 3437 313 3492 father
325 3438 387 3492 that
400 3437 433 3490 of
442 3435 598 3506 exercising
611 3436 641 3491 it.
679 3437 713 3491 In
726 3455 792 3492 case
805 3438 838 3492 ol
847 3439 1015 3494 restoration
1027 3439 1066 3509 by
1079 3439 1207 3510 imperial
1220 3439 1326 3508 favour,
1339 3457 1372 3495 as

221 3520 386 3586 mentioned
402 3521 431 3574 in
447 3521 495 3575 the
512 3531 578 3588 text,
595 3519 616 3575 it
636 3537 729 3576 seems
746 3523 808 3576 that
824 3531 853 3576 at
873 3523 931 3577 first
951 3523 1018 3592 only
1036 3523 1107 3578 such
1125 3522 1215 3593 rights
1236 3539 1309 3577 were
1327 3541 1372 3578 re·

220 3604 341 3660 covered
366 3621 398 3660 as
416 3621 489 3660 were
513 3605 657 3674 expressly
679 3605 815 3675 specified
835 3605 976 3674 (Vitellius
996 3606 1033 3660 ab
1058 3605 1142 3661 exilio
1166 3605 1286 3661 reversis
1311 3605 1372 3662 iura

219 3689 384 3744 libertorum
397 3688 546 3758 concessit,
560 3690 627 3742 Tae.
644 3688 719 3743 Hist.
734 3705 758 3743 2.
772 3688 827 3758 92),
840 3690 897 3743 and
911 3689 967 3744 this
981 3707 1038 3744 was
1057 3700 1119 3745 true
1132 3689 1160 3744 in
1173 3689 1326 3759 particular
1343 3691 1377 3744 ol

219 3769 312 3840 patria
341 3780 486 3839 potestas:
519 3769 564 3824 ‘in
591 3769 712 3825 insulam
735 3772 792 3826 lilio
814 3772 971 3841 deportato,
994 3774 1104 3844 hacque
1126 3773 1235 3828 ratione
1260 3772 1372 3830 vinculo

220 3864 356 3923 paternae
375 3851 524 3922 potestatis
543 3863 684 3922 exempto,
698 3854 721 3908 si
735 3865 836 3924 postea
855 3871 889 3909 ex
908 3855 1083 3926 indulgentia
1096 3855 1153 3911 divi
1166 3857 1328 3926 Alexandri,
1341 3867 1372 3912 ut

221 3935 365 4006 proponis,
378 3935 485 3990 reditus
505 3935 533 3989 in
551 3936 674 4006 patrium
688 3939 779 3992 solum
792 3939 1023 4011 praecedensque
1042 3939 1166 4009 dignitas
1184 3939 1314 3995 restituta
1327 3939 1372 4010 sit,

220 4029 347 4090 potestas
367 4029 463 4074 tamen
481 4017 573 4089 patria
591 4020 711 4089 repetita
729 4039 787 4076 non
806 4021 932 4077 videtur'
951 4023 1078 4078 Gordian
1098 4023 1126 4078 in
1145 4024 1214 4079 Cod.
1238 4039 1262 4094 9.
1282 4037 1322 4093 51.
1336 4024 1372 4089 6;

220 4105 271 4160 but
284 4103 340 4159 this
353 4113 429 4158 must
442 4103 581 4173 probably
594 4103 630 4158 be
643 4105 729 4159 taken
748 4116 778 4160 to
796 4107 869 4161 have
886 4106 959 4162 been
972 4107 1119 4162 overruled
1132 4108 1171 4176 by
1185 4106 1372 4162 Constantine

222 4187 250 4242 in
268 4187 337 4243 Cod.
355 4187 409 4242 loc.
426 4187 474 4242 cit.
490 4201 530 4256 13,
549 4187 594 4242 ‘in
615 4188 780 4258 quaestione
793 4190 964 4260 testamenti,
978 4191 1054 4262 quod
1075 4189 1215 4261 deportati
1237 4189 1309 4244 filius
1330 4207 1373 4245 re-

222 4281 336 4325 meante
348 4283 428 4341 patre
441 4270 564 4341 fecisset,
578 4272 694 4328 remotis
709 4272 825 4342 Ulpiani
839 4285 924 4345 atque
939 4274 1017 4330 Pauli
1027 4273 1103 4328 notis
1117 4271 1265 4343 Papiniani
1279 4273 1373 4343 placet

223 4353 316 4407 valere
334 4354 513 4424 sententiam,
526 4365 557 4411 ut
576 4356 604 4411 in
624 4355 712 4428 patris
731 4356 804 4411 tilius
823 4357 859 4412 sit
874 4367 1024 4428 potestate,
1038 4357 1082 4412 cui
1100 4357 1224 4427 dignitas
1243 4373 1277 4411 ac
1296 4356 1373 4412 bona

224 4434 353 4490 restituta
374 4439 456 4492 sunt.¹
502 4441 527 4494 lt
548 4441 602 4496 will
622 4441 657 4496 be
679 4441 819 4496 observed
840 4443 902 4496 that
923 4441 991 4496 here
1010 4442 1059 4496 the
1076 4440 1258 4496 termination
1278 4440 1312 4494 ol
1323 4441 1373 4496 the

224 4518 317 4590 patria
330 4529 455 4590 potestas
469 4539 526 4578 was
545 4524 750 4596 accompanied
766 4525 805 4596 by
818 4525 919 4596 capitis
936 4524 1101 4581 deminutio.
1140 4526 1174 4579 ln
1193 4541 1248 4580 one
1266 4539 1299 4578 or
1317 4533 1372 4579 two
