3266 5188
212 429 262 480 Tit.
278 421 328 490 ra]
371 420 433 476 DE
452 421 692 476 PERPETUIS
712 421 774 476 ET
796 420 1133 495 TEMPORALIBUS,
1149 422 1207 478 ET
1208 422 1238 482 C.
1299 430 1364 502 573

214 598 325 654 catum
350 587 431 652 solvi
457 608 517 670 pro
543 587 610 652 litis
629 595 774 670 praestet
796 586 1036 653 aestimatione.
1073 609 1172 654 nemo
1201 591 1289 655 enim
1312 613 1364 660 se·

213 693 359 757 cundum
374 701 520 756 veterem
542 691 699 774 regulam,
714 702 751 758 ut
772 692 838 755 iam
854 693 980 756 dictum
1001 702 1060 770 est,
1077 693 1203 758 alienae
1227 695 1272 758 rei
1294 696 1364 760 sine

176 831 179 838 .
214 795 429 860 satisdatione
445 794 598 859 defensor
615 796 753 858 idoneus
774 795 984 876 intellegitur.
1030 794 1125 878 Quae
1145 798 1257 862 omnia
1272 807 1395 881 aper-6

212 901 279 964 tius
294 908 328 964 et
343 899 578 980 perfectissime
593 919 613 961 a
628 899 809 964 cottidiano
825 899 1016 964 iudiciorum
1032 921 1092 963 usu
1109 901 1142 963 in
1158 900 1238 983 ipsis
1254 922 1363 968 rerum

214 1003 422 1066 documentis
437 1013 606 1084 apparent.
652 1001 763 1084 Quam
778 1002 918 1066 sormam
937 1023 1002 1066 non
1025 1001 1133 1066 solum
1149 1003 1182 1066 in
1197 1003 1260 1068 hac
1275 1007 1365 1088 regia
1379 1019 1395 1072 7

214 1106 304 1180 urbe,
321 1105 380 1169 sed
401 1107 490 1170 etin
513 1106 666 1169 omnibus
688 1107 807 1169 nostris
828 1107 1012 1188 provinciis,
1029 1105 1091 1169 etsi
1114 1117 1250 1189 propter
1264 1108 1366 1191 impe-

215 1210 324 1272 ritiam
340 1208 436 1273 aliter
455 1208 540 1272 forte
560 1208 822 1286 celebrabantur,
843 1211 993 1292 optinere
1013 1229 1192 1285 censemus,
1214 1230 1288 1274 cum
1309 1232 1366 1275 ne-

216 1332 306 1376 cesse
321 1322 371 1376 est
387 1333 502 1376 omnes
518 1313 700 1394 provincias
712 1323 812 1396 caput
824 1315 972 1377 omnium
988 1322 1174 1377 nostrarum
1187 1315 1367 1394 civitatum,

216 1415 248 1480 id
265 1426 315 1481 est
329 1414 415 1480 hanc
431 1415 554 1498 regiam
571 1415 695 1494 urbem,
712 1417 846 1502 eiusque
861 1416 1105 1482 observantiam
1121 1417 1224 1500 sequi.

752 1631 834 1695 XII.

239 1807 289 1857 DE
314 1807 517 1859 PERPETUIS
541 1807 588 1857 ΕΤ
611 1806 900 1859 TEMPORALIBUS
923 1807 1148 1860 ACTIONIBUS
1171 1807 1220 1858 ET
1242 1807 1345 1872 QUAE

361 1910 414 1960 AD
437 1909 610 1960 HEREDES
633 1910 705 1960 VEL
727 1911 769 1960 IN
792 1909 967 1961 HEREDES
991 1910 1223 1963 TRANSEUNT.

263 2062 340 2126 Hoc
355 2060 429 2125 loco
447 2059 649 2124 admonendi
670 2080 785 2125 sumus
806 2081 862 2124 eas
882 2061 1018 2143 quidem
1039 2063 1192 2138 actiones,
1215 2082 1300 2146 quae
1324 2081 1368 2126 ex

218 2165 292 2248 lege
314 2174 487 2230 senatusue
510 2163 660 2228 consulto
682 2165 751 2228 sive
774 2185 818 2227 ex
840 2165 939 2229 sacris
962 2166 1250 2230 constitutionibus
1271 2165 1368 2248 profi-

219 2271 392 2347 ciscuntur,
408 2277 567 2350 perpetuo
588 2267 694 2332 solere
716 2268 897 2350 antiquitus
918 2279 1113 2352 competere,
1135 2270 1239 2333 donec
1255 2290 1368 2334 sacrae

218 2372 471 2437 constitutiones
487 2381 557 2435 tarn
573 2373 606 2435 in
621 2392 803 2455 remquam
819 2371 1045 2455 personalibus
1060 2373 1244 2437 actionibus
1260 2382 1368 2436 certos

219 2477 301 2540 fines
326 2478 506 2541 dederunt:
528 2497 584 2540 eas
604 2497 691 2554 vero,
711 2498 797 2558 quae
820 2497 863 2539 ex
884 2477 1015 2560 propria
1035 2478 1194 2560 praetoris
1223 2478 1368 2541 iurisdic-

140 2654 143 2660 ‚
219 2581 310 2646 tione
333 2581 489 2662 pendent,
509 2581 703 2663 plerumque
723 2581 808 2645 intra
828 2601 950 2644 annum
972 2579 1082 2648 vivere
1102 2578 1194 2666 (nam
1215 2590 1249 2643 et
1266 2580 1369 2663 ipsius

219 2685 378 2771 praetoris
401 2671 486 2748 intra
508 2704 631 2748 annum
655 2693 725 2749 erat
755 2681 953 2770 imperium).
1000 2685 1179 2767 aliquando
1199 2693 1313 2749 tamen
1336 2695 1370 2752 et

219 2791 253 2852 in
277 2799 473 2871 perpetuum
500 2791 733 2868 extenduntur,
760 2790 793 2853 id
821 2798 871 2854 est
897 2790 1066 2871 usquead
1089 2789 1371 2854 finemconstitu·

218 2892 364 2957 tionibus
387 2892 631 2956 introductum:
655 2890 770 2974 quales
797 2899 874 2956 sunt
899 2890 972 2970 hae,
999 2912 1080 2974 quas
1106 2892 1269 2956 bonorum
1295 2913 1371 2975 pos·

219 2997 336 3062 sessori
366 2995 549 3078 ceterisque
567 2976 627 3078 ⁸qui
651 2995 781 3060 heredis
808 2996 880 3060 loco
906 3004 985 3060 sunt
1009 2997 1251 3061 accommodat.
1293 2997 1370 3060 surti

218 3120 352 3184 ¹quoque
375 3099 540 3162 manifesti
563 3101 659 3177 acti0,
682 3099 832 3182 quamvis
856 3121 900 3164 ex
920 3100 1023 3183 ipsius
1041 3101 1201 3184 praetoris
1225 3100 1371 3164 iurisdic-

219 3205 309 3270 tione
336 3203 568 3285 proficiscatur,
592 3213 705 3269 tamen
736 3212 898 3286 perpetuo
926 3204 1039 3269 datur:
1078 3202 1259 3268 absurdum
1283 3203 1371 3268 enim

221 3458 338 3514 desence
360 3460 393 3514 os
410 3461 530 3515 another
547 3459 610 3514 who
628 3459 751 3528 through
771 3458 902 3526 absence,
923 3457 1056 3528 insanity,
1075 3457 1215 3528 minority,
1237 3475 1270 3512 or
1290 3473 1371 3516 some

220 3542 302 3596 other
320 3559 405 3598 cause
423 3543 579 3614 neglected,
593 3559 625 3597 or
637 3560 695 3598 was
708 3542 819 3608 unable,
832 3551 861 3596 to
879 3557 985 3611 appear
1001 3541 1043 3596 lor
1058 3539 1178 3596 himself.
1217 3540 1286 3595 Litis
1305 3557 1371 3595 con-

220 3625 335 3680 testatio
348 3625 413 3681 with
427 3627 476 3681 the
488 3627 633 3681 volunteer
644 3625 772 3680 released
785 3625 833 3679 the
845 3625 904 3678 real
917 3623 1070 3679 defendant
1087 3623 1159 3678 from
1176 3623 1213 3678 all
1232 3622 1370 3693 liability:

220 3707 378 3764 ‘solutione
399 3710 444 3764 vel
469 3708 604 3764 iudicium
628 3725 680 3778 pro
704 3707 788 3762 nobis
812 3706 979 3776 accipiendo
1004 3715 1032 3762 et
1057 3705 1136 3761 inviti
1158 3715 1186 3762 et
1208 3704 1371 3775 ignorantes

220 3789 331 3847 liberari
345 3793 510 3860 possumus’
523 3791 590 3861 Dig.
602 3791 646 3858 46.
660 3805 683 3859 3.
698 3805 731 3859 23
745 3809 752 3857 ;
771 3791 805 3846 cf.
820 3789 887 3859 Dig.
904 3803 943 3860 15.
957 3805 981 3859 3.
998 3805 1040 3845 ιο.
1057 3805 1078 3844 1.
1121 3809 1125 3818 ·

258 3872 317 3944 §¹1.
343 3874 384 3930 Cf.
409 3874 573 3945 Justiuian's
598 3883 741 3930 comment
766 3889 803 3930 on
828 3875 926 3929 Zeno's
954 3870 1138 3928 constitution
1167 3873 1204 3928 de
1234 3871 1371 3929 aedificiis

221 3957 337 4028 privatis
350 3957 379 4012 in
394 3958 465 4014 Cod.
478 3959 503 4014 8.
516 3974 556 4014 10.
573 3973 603 4027 13
618 3957 782 4028 ‘indignum
800 3975 864 4013 esse
880 3967 978 4012 nostro
997 3967 1125 4027 ternpore
1143 3965 1275 4026 putantes
1294 3957 1373 4012 aliud

222 4043 265 4100 ius
287 4045 316 4099 in
336 4046 390 4100 hac
412 4046 492 4116 regia
512 4045 626 4102 civitate
651 4046 688 4100 de
711 4044 873 4100 huiusmodi
894 4044 1047 4114 observari,
1069 4043 1145 4099 aliud
1165 4043 1241 4114 apud
1259 4055 1372 4100 nostros

221 4145 285 4183 esse
297 4128 493 4199 provinciales,
507 4128 650 4184 sancimus
669 4127 791 4184 eandem
810 4126 1043 4184 constitutionem
1061 4125 1090 4182 in
1108 4127 1240 4182 omnibus
1255 4125 1372 4182 urbibus

222 4211 345 4266 Romani
359 4211 468 4281 imperii
482 4211 627 4267 obtinere!

256 4297 317 4349 pit.
329 4297 404 4349 ΧΠ
425 4293 582 4365 Originally
597 4295 634 4350 all
650 4293 760 4350 actions
778 4311 850 4350 were
871 4304 1033 4365 perpetuae.
1070 4292 1253 4349 substantive
1275 4291 1372 4348 ‘sanc-

220 4375 335 4432 tioned’
353 4377 442 4448 rights
461 4378 552 4448 might
572 4379 609 4434 be
630 4378 782 4448 destroyed
800 4379 838 4448 by
857 4381 937 4448 lapse
958 4378 991 4432 of
1008 4378 1085 4447 time,
1108 4394 1132 4432 e.
1142 4395 1168 4448 g.
1192 4377 1253 4433 that
1275 4377 1372 4433 nithe

222 4460 354 4516 dominus
366 4462 405 4531 by
417 4461 561 4533 usucapio,
576 4462 633 4517 and
652 4463 713 4518 that
732 4462 764 4516 of
778 4479 796 4516 a
814 4462 936 4517 creditor
953 4461 1064 4532 against
1084 4477 1102 4516 a
1119 4476 1239 4531 sponsor
1255 4477 1288 4515 or
1305 4460 1373 4516 fide·

221 4545 377 4616 promissor
385 4546 474 4605 under
482 4547 530 4602 the
540 4556 676 4618 two-year
685 4545 837 4606 limitation
850 4545 881 4602 of
891 4545 940 4602 the
953 4545 998 4601 lex
1011 4544 1104 4616 Furia,
1112 4561 1139 4616 p.
1148 4559 1198 4614 411
1210 4560 1285 4616 supr.
1297 4562 1305 4602 ι
1322 4543 1373 4602 but
