3274 5152
199 449 249 499 nn.
263 443 315 514 ,ῃ
608 443 668 499 aa
691 443 932 529 comesam.
1281 455 1344 521 309

197 615 463 683 aestimationem
501 613 569 682 eius
606 613 741 683 solvere.
798 619 951 684 Libertas
973 640 1120 704 ‚quoque
1157 640 1250 684 servo
1287 622 1376 702 per2

199 721 489 787 fideicommissum
519 723 590 787 dari
619 733 739 806 potest,
766 733 804 789 ut
833 723 928 788 heres
961 746 1037 788 eum
1068 733 1201 808 rogetur
1230 745 1346 790 manu·

200 825 331 890 mittere
356 827 409 890 vel
443 827 619 910 legatarius
644 827 698 890 vel
726 827 1055 894 fideicommissarius.
1108 848 1168 893 nec
1199 829 1345 905 interest,

198 938 308 992 utrum
324 930 367 994 de
382 951 442 994 suo
458 931 590 1013 proprio
612 949 707 995 servo
725 941 865 996 testator
881 939 982 1014 roget,
999 951 1041 996 an
1060 931 1102 995 de
1117 952 1158 995 eo
1173 932 1228 1014 qui
1245 930 1346 1014 ipsius

198 1030 327 1097 heredis
346 1044 405 1098 aut
430 1033 579 1128 legatarii
602 1033 655 1097 vel
680 1035 780 1099 etiam
808 1035 957 1098 extranei
983 1036 1036 1098 sit.
1089 1035 1201 1118 itaque
1219 1034 1346 1099 alienus

198 1155 310 1202 servus
325 1139 441 1202 redimi
457 1149 491 1202 et
507 1139 694 1203 manumitti
714 1139 833 1204 debet:
854 1140 944 1222 quod
967 1139 995 1202 si
1017 1140 1172 1204 dominus
1186 1159 1263 1202 eum
1279 1159 1346 1201 non

197 1241 329 1316 vendat,
353 1242 380 1305 si
402 1242 503 1305 modo
525 1241 607 1305 nihil
629 1263 674 1305 ex
696 1243 815 1307 iudicio
837 1244 907 1306 eius
928 1242 984 1325 qui
1006 1243 1136 1325 reliquit
1159 1242 1345 1306 libertatem

198 1345 353 1426 percepit,
371 1364 436 1408 non
451 1345 565 1410 statim
584 1346 789 1428 extinguitur
804 1345 1104 1410 fideicommissaria
1125 1345 1268 1420 libertas,
1286 1345 1346 1409 sed

198 1447 357 1523 differtur,
371 1450 450 1530 quia
472 1449 577 1531 possit
597 1457 746 1530 tempore
767 1450 975 1531 procedente,
997 1449 1196 1531 ubicumque
1217 1448 1346 1512 occasio

198 1550 381 1614 redimendi
418 1553 501 1615 servi
532 1551 637 1626 luerit,
675 1553 833 1634 praestari
862 1551 1007 1616 libertas.
1062 1552 1119 1632 qui
1154 1561 1268 1615 autem
1301 1572 1346 1615 ex

198 1675 298 1718 causa
320 1653 564 1717 fideicommissi
586 1655 837 1734 manumittitur,
861 1675 927 1719 non
951 1655 1120 1718 testatoris
1140 1654 1178 1718 fit
1200 1653 1345 1732 libertus,

198 1757 328 1821 etiamsi
352 1759 519 1821 testatoris
543 1779 653 1822 servus
678 1759 730 1837 sit,
751 1760 811 1822 sed
834 1758 903 1821 eius
923 1759 980 1840 qui
1005 1757 1228 1820 manumittit:
1252 1766 1288 1820 at
1309 1757 1345 1832 is,

196 1862 254 1944 qui
277 1863 402 1926 directo
425 1871 626 1926 testamento
646 1863 729 1926 liber
751 1883 821 1926 esse
843 1863 982 1937 iubetur,
1000 1861 1100 1944 ipsius
1122 1862 1290 1926 testatoris
1308 1860 1347 1926 fit

198 1966 341 2042 libertus,
358 1966 414 2048 qui
430 1966 532 2029 etiam
547 1966 676 2030 orcinus
696 1965 892 2048 appellatur.
939 1985 998 2029 nec
1014 1964 1097 2028 alius
1113 1963 1198 2028 ullus
1212 1965 1337 2028 directo

198 2089 243 2133 ex
270 2078 470 2133 testamento
496 2068 683 2134 libertatem
708 2068 830 2132 habere
857 2077 977 2151 potest,
998 2088 1099 2150 quam
1123 2068 1180 2149 qui
1206 2076 1347 2149 utroque

198 2184 348 2256 tempore
368 2175 536 2238 testatoris
555 2173 663 2252 luerit,
678 2185 712 2239 et
733 2196 800 2258 quo
822 2173 943 2238 faceret
965 2183 1202 2237 testamentum
1223 2181 1258 2236 et
1279 2193 1346 2254 quo

199 2288 389 2342 moreretur.
443 2279 568 2343 directo
594 2289 707 2343 autem
737 2279 871 2343 libertas
899 2286 977 2341 tunc
1007 2277 1078 2341 dari
1107 2277 1244 2354 videtur,
1270 2295 1346 2340 cum

199 2404 264 2448 non
303 2385 347 2447 ab
380 2383 446 2447 alio
483 2403 612 2448 servum
644 2383 832 2447 manumitti
862 2391 965 2464 rogat,
995 2383 1053 2446 sed
1083 2381 1174 2445 velut
1207 2402 1252 2444 ex
1285 2401 1346 2445 suo

198 2497 399 2552 testamento
432 2487 620 2551 libertatem
659 2487 688 2550 ei
726 2497 915 2569 competere
948 2485 1028 2550 vult.
1083 2483 1195 2550 Verba
1232 2489 1376 2548 autem3
1473 2485 1478 2496 ’

198 2591 524 2656 fideicommissorum
540 2589 622 2655 haec
642 2592 789 2654 maxime
804 2592 838 2653 in
853 2611 913 2653 usu
928 2589 1127 2653 habeantur:
1150 2597 1239 2670 peto,
1255 2608 1345 2670 rogo,

196 2695 282 2772 volo,
314 2695 447 2770 mando,
480 2694 558 2760 fidei
588 2704 665 2758 tuae
698 2695 882 2760 committo.
936 2713 1022 2776 quae
1051 2693 1187 2776 perinde
1216 2691 1345 2776 singula

198 2799 293 2864 firma
314 2809 400 2879 sunt,
417 2808 518 2883 atque
540 2799 566 2862 si
588 2799 700 2864 omnia
722 2801 756 2863 in
778 2820 881 2863 unum
905 2807 1062 2883 congesta
1085 2806 1203 2862 essent

717 3009 828 3075 XXV.

624 3177 674 3228 DE
701 3177 919 3228 CODICILLIS.

240 3319 334 3385 Ante
349 3319 495 3404 Augusti
517 3328 670 3402 tempora
692 3329 823 3383 constat
845 3319 895 3383 ius
916 3317 1140 3383 codicillorum
1157 3339 1222 3383 non
1237 3317 1346 3398 luisse,

196 3426 256 3488 sed
283 3424 407 3506 primus
431 3423 553 3486 Lucius
576 3422 749 3496 Lentulus,
772 3443 816 3484 ex
840 3423 931 3484 cuius
960 3441 1100 3504 persona
1126 3421 1227 3486 etiam
1254 3421 1346 3486 fidei·

196 3529 373 3592 commissa
397 3535 583 3608 coepenmt,
612 3525 781 3589 codicillos
808 3525 1001 3589 introduxit.
1045 3545 1123 3588 nam
1149 3545 1225 3589 cum
1250 3525 1346 3590 dece·

196 3632 290 3696 deret
319 3631 352 3694 in
376 3629 499 3706 Africa,
524 3628 653 3712 scripsit
690 3629 857 3694 codicillos
893 3637 1094 3693 testamento
1124 3628 1345 3705 confirmatos,

196 3819 339 3893 queathed
351 3827 381 3874 to
394 3835 412 3874 a
424 3835 521 3874 servus
533 3818 643 3874 alienus
655 3819 703 3874 the
716 3829 823 3874 master
835 3818 918 3874 could
930 3827 980 3872 not
993 3817 1085 3873 refuse
1098 3826 1128 3872 to
1141 3817 1192 3872 sell
1204 3814 1265 3870 him
1277 3815 1302 3870 il
1310 3817 1346 3873 he

195 3904 254 3960 had
266 3903 352 3959 taken
371 3919 428 3972 any
439 3902 544 3958 benefit
559 3903 598 3972 by
611 3904 659 3958 the
676 3905 817 3959 testator's
836 3903 966 3970 decease,
980 3900 1051 3957 Cod.
1063 3901 1088 3956 6.
1104 3913 1145 3970 ςα
1162 3915 1202 3970 13,
1223 3899 1288 3970 Dig.
1302 3916 1345 3968 40.

198 4001 222 4058 5.
238 3979 278 4057 rp'
295 4001 317 4043 1.
354 3985 394 4056 (2)
415 3988 462 4041 No
475 3986 726 4042 fideicommissum
744 3987 828 4042 could
841 3987 877 4043 be
889 3985 995 4055 validly
1005 3983 1135 4057 imposed
1147 4001 1185 4040 on
1202 3984 1250 4040 the
1263 3983 1345 4055 ‘legi-

195 4071 266 4126 tima
278 4071 443 4142 pars'Cod.
458 4083 482 4138 3.
496 4071 537 4128 28.
552 4083 605 4138 323
623 4069 661 4127 ib.
675 4070 718 4140 36.
729 4087 769 4141 pr.
784 4071 841 4125 and
858 4085 881 4125 r.
1246 4059 1251 4072 '
1356 4089 1361 4098 ·

233 4152 290 4225 §2
310 4155 365 4210 See
382 4154 536 4225 preceding
552 4163 628 4210 note.
667 4155 700 4208 In
715 4154 812 4210 Gaius'
823 4153 892 4209 tirne
905 4153 954 4208 the
970 4151 1074 4208 retusal
1086 4151 1120 4206 of
1132 4153 1181 4207 the
1197 4159 1304 4206 master
1315 4159 1345 4207 to

196 4237 248 4294 sell
264 4255 282 4292 a
300 4238 378 4292 slave
391 4247 421 4292 to
433 4237 527 4291 whom
544 4254 562 4292 a
577 4247 697 4293 testator
708 4237 767 4293 had
783 4235 963 4309 bequeathed
975 4237 1102 4292 freedom
1120 4237 1159 4304 by
1171 4253 1189 4290 a
1201 4234 1345 4290 fideicom-

196 4321 315 4377 missum
327 4321 385 4376 had
397 4321 470 4376 been
483 4321 551 4376 fatal
564 4330 594 4375 to
610 4320 659 4376 the
672 4319 859 4391 disposition:
879 4319 918 4375 ‘si
932 4319 1064 4374 dominus
1080 4336 1146 4374 eum
1161 4335 1218 4374 non
1231 4318 1345 4389 vendat,

196 4421 265 4461 sane
283 4403 454 4475 extinguitur
472 4403 596 4474 libertas,
610 4403 677 4476 quia
695 4420 747 4475 pro
765 4403 895 4460 libertate
914 4402 996 4474 pretii
1016 4401 1191 4474 computatio
1208 4403 1286 4458 nulla
1305 4401 1345 4458 in-

195 4487 331 4545 tervenit'
343 4487 370 4542 ii.
384 4488 444 4558 265.

231 4573 290 4628 me
303 4573 405 4628 XXV.
425 4571 520 4626 When
533 4571 592 4628 first
605 4570 771 4643 recognised
784 4587 817 4626 as
829 4569 948 4640 binding
960 4569 1051 4626 under
1062 4569 1215 4642 Augustus,
1224 4567 1344 4626 codicilli
