3274 5152
192 439 242 488 m.
255 431 307 500 aa]
630 427 692 482 DE
713 425 823 482 LEGA
831 426 906 482 TIS.
1276 413 1335 482 281

193 598 363 680 utriusque
388 594 466 660 iuris
496 591 629 676 cognita
658 591 754 656 facile
783 590 910 674 possint
939 590 1195 675 permixtionem
1225 611 1339 656 eorum

195 703 312 768 eruditi
333 699 556 784 suptilioribus
573 697 706 761 auribus
720 697 877 779 accipere.

239 807 317 872 Non
339 805 447 868 solum
471 812 583 867 autem
606 802 774 865 testatoris
796 800 849 864 vel
871 799 1001 866 heredis
1024 821 1083 880 res,
1100 800 1158 866 sed
1177 809 1210 865 et
1233 801 1371 867 aliena4

196 910 297 994 legari
313 919 445 994 potest:
469 907 515 972 ita
531 915 567 970 ut
582 905 677 970 heres
692 915 828 988 cogatur
847 905 1007 970 redimere
1026 926 1100 970 eam
1123 918 1156 971 et
1173 916 1342 990 praestare

196 1015 258 1088 vel,
275 1015 302 1076 si
318 1034 384 1077 non
401 1021 512 1096 potest
530 1011 699 1088 redimere,
718 1010 983 1074 aestimationem
1007 1011 1077 1074 eius
1099 1011 1187 1074 dare.
1233 1009 1291 1075 sed
1314 1008 1342 1072 si

197 1117 272 1182 talis
294 1137 345 1180 res
368 1117 418 1195 sit,
434 1115 525 1180 cuius
548 1133 614 1176 non
637 1123 687 1178 est
707 1113 949 1190 commercium,
973 1134 1033 1178 nec
1059 1113 1248 1179 aestimatio
1274 1113 1344 1177 eius

197 1221 344 1296 debetur,
360 1219 453 1283 sicuti
479 1219 505 1282 si
530 1237 684 1299 campum
709 1216 869 1280 Martium
893 1218 945 1281 vel
966 1217 1118 1282 basilicas
1138 1217 1191 1282 vel
1217 1217 1344 1299 templa

196 1325 249 1389 vel
272 1345 360 1408 quae
388 1322 519 1406 publico
542 1323 613 1385 usui
634 1321 798 1386 destinata
822 1333 899 1388 sunt
921 1321 1100 1406 legaverit:
1124 1343 1200 1385 nam
1224 1323 1345 1388 nullius

198 1429 358 1492 momenti
388 1427 536 1509 legatum
567 1433 628 1488 est.
673 1426 762 1506 quod
788 1435 900 1490 autem
931 1427 1077 1489 diximus
1104 1426 1246 1490 alienam
1275 1446 1343 1489 rem

198 1551 296 1614 posse
308 1531 418 1613 legari,
431 1530 478 1593 ita
490 1527 748 1610 intellegendum
761 1538 821 1604 est,
831 1530 858 1592 si
874 1529 1047 1594 defunctus
1062 1529 1187 1593 sciebat
1203 1529 1344 1592 alienam

199 1655 268 1698 rem
284 1655 366 1713 esse,
378 1655 444 1698 non
460 1643 493 1698 et
508 1634 535 1696 si
552 1632 743 1715 ignorabat:
767 1633 902 1697 forsitan
919 1635 1017 1710 enim,
1030 1635 1056 1697 si
1069 1635 1183 1698 scisset
1194 1634 1345 1712 alienam,

201 1758 267 1801 non
282 1738 435 1820 legasset.
473 1745 507 1800 et
523 1736 570 1800 ita
585 1736 679 1799 divus
697 1736 772 1801 Pius
788 1738 963 1819 rescripsit.
1001 1747 1035 1802 ct
1049 1739 1156 1801 verius
1172 1745 1222 1800 est
1237 1739 1345 1819 ipsum

200 1842 255 1924 qui
280 1843 359 1924 agit,
381 1842 414 1904 id
439 1849 490 1904 est
511 1839 715 1922 legatarium,
736 1840 876 1921 probare
901 1850 1053 1923 oportere
1080 1843 1180 1905 scisse
1204 1841 1346 1904 alienam

200 1965 269 2010 rem
286 1945 396 2028 legare
407 1925 607 2018 defunctum,
621 1963 687 2006 non
699 1942 855 2007 heredem
868 1944 1008 2026 probare
1018 1955 1170 2027 oportere
1180 1945 1348 2026 ignorasse

200 2051 350 2127 alienam,
361 2051 438 2131 quia
450 2069 581 2131 semper
592 2050 770 2112 necessitas
782 2049 943 2130 probandi
958 2049 1118 2113 incumbit
1134 2049 1180 2112 illi
1196 2049 1252 2130 qui
1267 2049 1346 2131 agit.

203 2153 271 2219 Sed
299 2164 332 2218 et
356 2155 383 2216 si
404 2173 473 2217 rem
498 2152 679 2236 obligatam
703 2154 855 2216 creditori
882 2153 999 2236 aliquis
1024 2153 1193 2237 legaverit,
1216 2165 1379 2219 necesse5

201 2259 303 2322 habet
318 2257 412 2322 heres
428 2257 526 2322 luere.
571 2267 604 2321 et
625 2257 688 2322 hoc
709 2277 841 2340 quoque
862 2278 938 2322 casu
960 2259 1048 2322 idem
1070 2258 1190 2342 placet,
1209 2257 1298 2341 quod
1315 2259 1348 2321 in

202 2382 236 2425 re
251 2361 367 2437 aliena,
384 2371 421 2424 ut
441 2362 487 2426 ita
508 2362 644 2426 demum
664 2360 754 2425 luere
774 2382 906 2426 necesse
920 2360 1043 2427 habeat
1063 2361 1167 2441 heres,
1182 2363 1209 2426 si
1225 2363 1349 2427 sciebat

202 2465 378 2529 defunctus
396 2486 465 2530 rem
484 2465 667 2548 obligatam
691 2473 783 2530 esse':
808 2474 842 2530 et
865 2466 911 2530 ita
934 2466 1000 2529 divi
1024 2465 1165 2530 Severus
1189 2477 1222 2530 et
1238 2465 1349 2530 Anto-

203 2570 298 2632 ninus
311 2570 552 2652 rescripserunt.
576 2571 603 2632 si
615 2579 728 2633 tamen
744 2569 917 2633 defunctus
932 2568 1035 2633 voluit
1052 2570 1244 2652 legatarium
1260 2569 1350 2634 luere

203 2683 235 2738 et
259 2673 322 2737 hoc
345 2675 517 2756 expressit,
534 2695 600 2738 non
624 2675 725 2739 debet
746 2673 842 2738 heres
865 2695 939 2738 eam
965 2675 1062 2740 luere.
1109 2675 1145 2741 Si
1169 2697 1220 2740 res
1243 2675 1381 2739 alienati

203 2778 313 2861 legata
335 2779 432 2844 fuerit
455 2787 488 2844 et
509 2780 579 2842 eius
597 2781 672 2843 vivo
691 2789 849 2844 testatore
872 2779 1049 2862 legatarius
1073 2781 1227 2845 dominus
1245 2781 1352 2844 factus

203 2883 309 2959 fuerit,
333 2884 359 2946 si
382 2885 517 2966 quidem
541 2905 699 2949 excausa
722 2885 907 2966 emptionis,
931 2905 975 2948 ex
999 2895 1200 2950 testamento
1222 2887 1353 2949 actione

204 2988 346 3068 pretium
363 2990 517 3071 consequi
533 2997 664 3071 potest:
688 2989 715 3052 si
731 3009 807 3052 vero
824 3009 868 3052 ex
890 3009 988 3053 causa
1003 2989 1170 3064 lucrativa,
1186 2988 1287 3052 veluti
1307 3009 1351 3052 ex

205 3092 383 3156 donatione
405 3093 459 3157 vel
484 3115 530 3158 ex
553 3094 619 3158 alia
642 3093 740 3157 simili
764 3113 871 3172 causa,
897 3114 995 3178 agere
1019 3115 1085 3158 non
1108 3105 1229 3176 potest.
1274 3113 1351 3156 nam

205 3197 364 3261 traditum
381 3207 431 3261 est
446 3197 530 3261 duas
548 3197 722 3262 lucrativas
743 3218 858 3261 causas
877 3197 910 3260 in
926 3197 1068 3262 eundem
1086 3197 1254 3262 hominem
1271 3199 1353 3262 etin

205 3302 346 3365 eandem
363 3323 431 3366 rem
447 3323 636 3366 concurrere
655 3322 721 3365 non
740 3321 846 3384 posse.
891 3301 952 3365 hac
971 3304 1097 3366 ratione
1115 3303 1142 3365 si
1164 3323 1208 3365 ex
1223 3302 1354 3366 duobus

205 3407 413 3471 testamentis
429 3408 546 3470 eadem
563 3426 613 3468 res
630 3405 738 3468 eidem
754 3406 922 3480 debeatur,
940 3405 1083 3481 interest,
1100 3417 1210 3470 utrum
1226 3427 1295 3471 rem
1311 3427 1354 3470 an

205 3511 471 3575 aestimationem
499 3531 543 3573 ex
569 3517 771 3573 testamento
796 3519 990 3572 consecutus
1016 3518 1088 3574 est:
1119 3531 1196 3573 nam
1223 3511 1250 3572 si
1275 3531 1355 3589 rem,

205 3636 304 3698 agere
320 3636 386 3678 non
402 3624 522 3696 potest,
540 3616 617 3696 quia
632 3613 734 3678 habet
747 3631 824 3676 ‘eam
846 3633 890 3676 ex
910 3629 1009 3676 causa
1030 3614 1196 3690 lucrativa,
1214 3615 1240 3677 si
1256 3613 1355 3678 aesti-

242 3887 299 3961 §4.
325 3889 387 3944 The
408 3898 469 3943 true
490 3887 557 3956 rule,
576 3886 609 3940 of
623 3884 715 3940 which
732 3885 799 3954 only
816 3901 853 3938 an
873 3883 1040 3938 illustration
1059 3881 1083 3938 is
1104 3882 1232 3938 afforded
1251 3883 1289 3951 by
1308 3882 1357 3938 the

206 3975 305 4044 legacy
317 3973 351 4028 of
359 3989 376 4028 a
388 3990 433 4027 res
446 3983 524 4027 extra
540 3968 750 4038 commercium,
763 3968 787 4022 is
799 3969 861 4022 that
873 3968 921 4022 the
939 3977 985 4022 act
999 3965 1090 4021 which
1103 3967 1151 4021 the
1164 3967 1246 4021 heres
1263 3967 1315 4020 has
1328 3975 1358 4020 to

206 4057 329 4128 perform
348 4056 377 4110 in
396 4055 494 4110 favour
512 4055 544 4108 of
558 4055 606 4109 the
625 4055 735 4122 legatee
753 4061 827 4106 must
844 4051 881 4106 be
896 4051 966 4106 both
983 4051 1139 4122 physically
1157 4049 1282 4120 possible
1300 4047 1358 4103 and

207 4141 310 4210 legally
328 4139 497 4210 permitted:
519 4155 551 4193 as
569 4138 606 4192 he
625 4145 729 4190 cannot
748 4152 856 4205 convey
874 4145 904 4190 to
922 4135 970 4190 the
989 4136 1072 4190 latter
1088 4151 1106 4188 a
1122 4151 1167 4188 res
1186 4143 1264 4188 extra
1282 4149 1358 4187 com·

207 4223 352 4291 mercium,
366 4240 398 4277 so
411 4223 447 4278 he
460 4223 547 4292 ought
561 4231 609 4275 not
622 4231 652 4275 to
665 4220 700 4274 be
713 4219 871 4289 compelled
884 4229 913 4274 to
926 4236 982 4289 pay
994 4219 1053 4272 him
1067 4217 1102 4272 its
1115 4219 1204 4272 value.

245 4307 300 4379 §a
320 4307 383 4362 The
400 4304 504 4361 maxim
527 4305 615 4360 ‘duas
635 4303 785 4359 lucrativas
807 4319 907 4358 causas
927 4302 956 4356 in
977 4302 1100 4357 eundem
1118 4299 1263 4355 hominem
1282 4309 1310 4354 et
1330 4299 1358 4354 in

208 4391 330 4450 eandem
349 4408 408 4446 rem
427 4407 593 4446 concurrere
610 4405 668 4442 non
687 4389 787 4458 posse’
805 4403 872 4456 may
890 4387 926 4442 be
947 4384 1095 4440 otherwise
1116 4383 1210 4440 stated
1229 4384 1313 4439 thus:
1340 4381 1364 4438 if

208 4478 257 4532 the
270 4493 315 4530 res
331 4476 426 4545 legata
443 4473 559 4542 already
570 4473 689 4542 belongs
708 4482 737 4527 to
754 4471 802 4526 the
821 4471 930 4540 legatee
943 4469 1023 4524 when
1042 4469 1091 4523 the
1110 4467 1171 4522 dies
1187 4465 1271 4536 legati
1284 4465 1359 4521 cedit

211 4561 288 4634 (Dig.
303 4574 346 4632 30.
359 4561 400 4614 82.
415 4557 477 4632 pn),
491 4557 539 4612 the
554 4557 637 4614 latter
653 4572 706 4614 can
722 4553 806 4611 claim
821 4553 857 4610 its
871 4553 951 4610 value
968 4553 1039 4610 from
1052 4553 1100 4608 the
1117 4549 1178 4610 heir
1191 4551 1257 4622 only
1270 4548 1294 4604 if
1302 4547 1360 4604 and
