3312 5188
233 446 348 516 Thra]
437 444 500 500 DE
520 442 762 500 LOCAYIONE
782 443 842 498 ET
864 441 1170 502 CONDUCTIONE.
1314 447 1379 520 425

234 629 301 674 non
324 607 455 692 proprie
475 607 596 672 locatio
612 616 646 672 et
668 609 844 674 conductio
858 607 1006 673 contrahi
1029 608 1235 692 intellegitur,
1257 609 1316 673 sed
1339 627 1380 672 eo

235 715 368 778 nomine
383 713 592 796 praescriptis
606 713 716 776 verbis
735 715 823 778 actio
837 713 944 778 datur.
990 714 1162 780 Praeterea
1180 715 1263 778 sicut
1280 713 1380 796 vulgo
1393 717 1410 772 2

235 815 462 901 quaerebatur,
487 836 530 879 an
561 817 757 898 permutatis
786 817 882 881 rebus
912 816 1038 900 emptio
1064 826 1098 882 et
1125 817 1274 881 venditio
1304 835 1381 880 con·

235 921 393 986 trahitur:
424 921 471 985 ita
493 920 606 1002 quaeri
632 919 760 985 solebat
785 921 828 985 de
854 921 1017 986 locatione
1041 930 1075 986 et
1101 921 1327 998 conductione,
1353 919 1381 984 si

234 1024 321 1090 forte
343 1045 412 1089 rem
435 1025 579 1106 aliquam
604 1023 666 1088 tibi
690 1027 848 1090 utendam
871 1028 940 1090 sive
963 1025 1135 1090 fruendam
1157 1026 1232 1108 quis
1252 1024 1382 1088 dederit

235 1139 269 1194 et
289 1129 430 1193 invicem
452 1150 473 1192 a
494 1137 528 1192 te
547 1128 647 1191 aliam
666 1130 826 1194 utendam
843 1131 912 1195 sive
934 1131 1106 1195 fruendam
1129 1129 1302 1211 acceperit.
1348 1136 1383 1191 et

234 1233 358 1316 placuit
381 1253 447 1296 non
467 1253 539 1296 esse
565 1231 763 1296 locationem
788 1243 822 1298 et
846 1236 1107 1313 conductionem,
1130 1233 1188 1297 sed
1213 1232 1382 1316 proprium

233 1358 340 1420 genus
369 1358 441 1401 esse
471 1345 666 1400 contractus.
710 1337 813 1402 veluti
848 1340 885 1416 si,
916 1360 991 1403 cum
1022 1359 1123 1402 unum
1153 1338 1227 1420 quis
1262 1335 1382 1400 bovem

128 1511 130 1515 ,
234 1441 371 1506 haberet
392 1450 426 1504 et
445 1441 570 1504 vicinus
585 1441 655 1503 eius
670 1461 782 1520 unum,
797 1441 955 1524 placuerit
971 1444 1056 1506 inter
1070 1463 1138 1519 eoa,
1153 1451 1190 1505 ut
1206 1460 1264 1524 per
1279 1441 1383 1505 denos

235 1545 306 1608 dies
329 1545 468 1607 invicem
491 1544 594 1606 boves
616 1546 873 1624 commodarent,
896 1556 933 1610 ut
954 1567 1039 1629 opus
1061 1545 1214 1622 facerent,
1237 1554 1271 1607 et
1292 1544 1382 1626 apud

234 1647 375 1712 alterum
399 1647 460 1710 bos
488 1647 604 1730 periit:
637 1669 744 1730 neque
773 1649 871 1714 locati
893 1649 946 1714 vel
971 1649 1125 1714 conducti
1156 1669 1262 1730 neque
1292 1667 1382 1711 com-

234 1753 362 1816 modati
378 1753 537 1833 competit
552 1751 650 1826 actio,
666 1753 744 1834 quia
759 1773 824 1816 non
845 1753 906 1818 fuit
924 1755 1103 1837 gratuitum
1124 1752 1382 1830 commodatum,

234 1875 349 1920 verum
382 1855 591 1938 praescriptis
627 1855 736 1918 verbis
767 1858 934 1939 agendum
961 1865 1020 1922 est.
1073 1856 1172 1920 Adeo
1198 1863 1310 1918 autem
1334 1854 1413 1917 fa·3

236 1959 459 2024 miliaritatem
493 1958 638 2042 aliquam
669 1959 754 2024 inter
782 1981 818 2024 se
852 1961 974 2026 habere
1005 1961 1159 2026 videntur
1188 1959 1313 2040 emptio
1349 1969 1382 2022 et

233 2063 390 2142 venditio,
416 2062 496 2126 item
520 2062 641 2126 locatio
665 2071 699 2126 et
723 2065 907 2142 conductio,
930 2075 967 2130 ut
996 2064 1030 2128 in
1053 2063 1251 2146 quibusdam
1276 2062 1382 2125 causis

234 2169 347 2250 quaeri
362 2166 474 2241 soleat,
491 2175 601 2230 utrum
617 2168 743 2248 emptio
758 2177 792 2232 et
806 2169 953 2234 venditio
968 2167 1186 2242 contrahatur,
1203 2187 1246 2230 an
1261 2166 1382 2229 locatio

235 2280 269 2335 et
285 2273 470 2336 conductio.
515 2280 551 2335 ut
572 2291 648 2335 ecce
670 2272 712 2334 de
732 2273 884 2354 praediis,
900 2294 987 2356 quae
1007 2282 1166 2356 perpetuo
1184 2271 1381 2354 quibusdam

234 2375 372 2440 fruenda
394 2377 576 2453 traduntur,
596 2376 629 2439 id
650 2386 700 2440 est
719 2384 763 2455 ut,
779 2379 936 2460 quamdiu
958 2377 1073 2460 pensio
1093 2378 1162 2440 sive
1180 2376 1304 2438 reditus
1323 2394 1383 2456 pro

211 2491 214 2498 “
235 2478 287 2542 his
314 2480 449 2544 domino
475 2488 670 2561 praestetur,
699 2500 806 2562 neque
831 2481 892 2563 ipsi
917 2481 1109 2546 conductori
1136 2499 1243 2561 neque
1269 2477 1382 2541 heredi

235 2583 314 2662 eius,
329 2583 423 2647 cuive
438 2582 618 2646 conductor
639 2583 775 2647 heresve
796 2584 865 2648 eius
886 2585 919 2648 id
940 2586 1112 2668 praedium
1127 2582 1310 2646 vendiderit
1325 2587 1383 2645 aut

236 2686 408 2750 donaverit
419 2696 477 2750 aut
489 2687 577 2750 dotis
589 2687 721 2750 nomine
733 2686 861 2751 dederit
873 2688 979 2753 aliove
991 2709 1057 2771 quo
1070 2687 1170 2752 modo
1182 2685 1381 2760 alienaverit,

234 2789 360 2854 auferre
383 2789 490 2855 liceat.
534 2791 593 2854 sed
617 2789 693 2854 talis
716 2802 912 2868 contractus,
937 2793 1015 2875 quia
1037 2793 1122 2858 inter
1139 2801 1267 2855 veteres
1287 2788 1383 2854 dubi·

235 2895 370 2958 tabatur
398 2903 432 2958 et
461 2915 482 2958 a
507 2895 706 2977 quibusdem
728 2893 856 2972 locatio,
880 2917 900 2959 a
921 2896 1120 2978 quibusdam
1148 2894 1295 2960 venditio
1321 2913 1382 2957 ex·

235 2999 462 3063 istimabatur:
493 2999 551 3062 lex
587 2999 777 3063 Zenoniana
806 2999 876 3064 lata
909 3010 972 3077 est,
1007 3021 1092 3084 quae
1126 2999 1382 3082 emphyteuseos

235 3104 417 3168 contractui
448 3104 615 3186 propriam
646 3104 762 3168 statuit
792 3113 943 3168 naturam
974 3125 1081 3188 neque
1110 3105 1153 3168 ad
1183 3103 1382 3167 locationem

235 3229 344 3291 neque
382 3209 425 3272 ad
462 3209 687 3272 venditionem
724 3209 946 3288 inclinantem,
981 3211 1039 3273 sed
1075 3211 1142 3272 suis
1177 3206 1383 3290 pactionibus

234 3311 444 3390 fulciendam,
475 3322 508 3376 et
545 3312 573 3376 si
609 3310 743 3394 quidem
779 3312 905 3395 aliquid
942 3321 1077 3395 pactum
1107 3311 1213 3388 fuerit,
1244 3310 1307 3375 hoc
1337 3309 1384 3374 ita

235 3417 393 3499 optinere,
414 3437 453 3480 ac
472 3417 499 3478 si
522 3415 680 3479 naturalis
703 3425 790 3480 esset
811 3427 1009 3494 contractus,
1030 3417 1081 3480 sin
1102 3425 1214 3480 autem
1238 3415 1318 3478 nihil
1341 3415 1384 3478 de

236 3520 381 3603 periculo
403 3519 448 3583 rei
470 3519 565 3583 fuerit
583 3530 727 3602 pactum,
743 3529 822 3583 tunc
840 3520 866 3583 si
887 3519 1022 3602 quidem
1042 3521 1145 3584 totius
1166 3519 1211 3582 rei
1233 3518 1384 3582 interitus

236 3623 417 3702 accesserit,
440 3623 484 3686 ad
507 3623 677 3687 dominum
700 3644 799 3706 super
822 3623 886 3689 hoc
910 3625 1095 3689 redundare
1117 3622 1309 3706 periculum,
1334 3623 1384 3686 sin

235 3727 449 3811 particularis,
465 3728 508 3791 ad
530 3725 862 3810 emphyteuticarium
883 3727 1071 3792 huiusmodi
1091 3729 1249 3792 damnum
1264 3725 1384 3790 venire.

235 3983 390 4052 nominate,
400 4001 427 4054 p.
438 3983 491 4052 386
500 4000 574 4054 supr.
597 3983 625 4037 If
634 3983 705 4038 after
717 3981 823 4053 having
835 3982 883 4037 left
896 3982 945 4036 the
958 3981 1166 4038 remuneration
1179 3991 1209 4037 to
1219 3982 1255 4038 be
1266 3981 1386 4053 fixedby

236 4069 409 4138 subsequent
424 4077 623 4137 arrangement
641 4068 769 4122 between
782 4067 952 4122 themselves
966 4067 1014 4121 the
1031 4065 1136 4137 parties
1149 4083 1221 4121 were
1240 4067 1343 4122 unable
1356 4077 1386 4122 to

236 4168 317 4206 come
339 4161 369 4205 to
387 4161 484 4220 terms,
502 4151 550 4206 the
570 4151 638 4206 fullo
659 4167 692 4206 or
713 4149 869 4206 sarcinator
889 4149 974 4205 could
994 4149 1076 4220 bring
1096 4167 1133 4206 an
1153 4149 1229 4205 actio
1249 4149 1385 4219 mandati,

236 4233 295 4289 Tit.
309 4233 352 4290 26.
368 4249 379 4288 r
383 4249 399 4302 3
413 4234 460 4289 inf.

271 4319 287 4385 §
301 4321 329 4373 2
350 4319 405 4372 See
418 4317 474 4374 Tit.
488 4332 531 4386 23.
545 4331 560 4372 2
574 4317 631 4372 and
643 4325 734 4386 notes,
747 4333 824 4388 supr.

272 4404 329 4470 §a
349 4403 407 4457 For
418 4403 467 4458 the
478 4401 587 4472 history
599 4402 657 4457 and
675 4413 774 4457 nature
793 4401 826 4456 of
839 4399 1033 4472 emphyteusis
1046 4417 1094 4457 see
1110 4417 1136 4471 p
1146 4413 1197 4469 313
1210 4417 1286 4471 supr.
1322 4401 1386 4456 The

236 4496 413 4542 enactments
432 4487 465 4541 of
478 4487 554 4542 Zeno
572 4485 630 4542 and
647 4485 789 4556 Justinian
809 4485 859 4540 did
876 4495 926 4540 not
944 4483 987 4554 (as
1008 4487 1062 4540 Mr.
1078 4486 1171 4554 Poste,
1188 4501 1225 4539 on
1244 4483 1333 4540 Gaius
1346 4483 1383 4541 iii.

240 4583 298 4642 145,
311 4570 469 4643 supposes),
482 4569 592 4643 require
602 4587 620 4626 a
629 4569 738 4638 written
746 4567 934 4628 leeeefortbe
943 4567 1106 4626 conclusion
1117 4569 1150 4624 of
1158 4569 1206 4626 the
1216 4577 1342 4624 contract
1355 4567 1384 4624 in

763 4718 975 4799 Aa„
