3268 5142
166 409 214 462 τὴ,
230 405 282 474 ¹5·]
565 405 626 460 DE
648 405 728 462 INT
725 405 854 462 ERDIC
857 407 884 460 Τ
884 406 933 466 IS.
1250 412 1313 486 593

166 581 340 646 interdicta
375 579 544 664 appellari,
580 581 658 664 quia
698 581 783 646 inter
819 581 903 645 duos
944 581 1103 646 dicuntur.
1163 580 1342 663 Sequens2

166 685 281 748 divisio
307 685 557 748 interdictorum
583 685 665 750 haec
692 694 749 759 est,
777 687 866 767 quod
893 686 1056 768 quaedam
1081 685 1313 768 adipiscendae

166 788 382 872 possessionis
398 809 496 852 causa
512 798 701 871 comparata
717 799 803 867 sunt,
817 790 981 872 quaedam
997 789 1195 864 retinendae,
1212 809 1313 870 quae·

166 893 244 956 dam
255 892 494 974 reciperandae.
517 890 763 975 Adipiscendae
773 893 987 976 possessionis
997 913 1093 956 causa
1104 892 1343 956 interdictum3

166 996 437 1060 accommodatur
458 996 621 1060 bonorum
644 998 833 1080 possessori,
855 995 944 1080 quod
967 996 1154 1079 appellatur
1174 1016 1314 1078 quorum

167 1100 340 1171 bonorum,
366 1100 501 1182 eiusque
524 1100 573 1163 vis
599 1109 633 1164 et
659 1109 807 1182 potestas
830 1099 912 1164 haec
936 1109 996 1175 est,
1018 1110 1064 1174 ut,
1085 1099 1174 1183 quod
1197 1119 1242 1164 ex
1263 1098 1316 1164 his

167 1203 261 1266 bonis
282 1204 429 1288 quisque,
451 1223 590 1287 quorum
615 1205 777 1286 possessio
804 1203 901 1268 alicui
924 1205 1004 1267 data
1027 1213 1086 1278 est,
1111 1224 1170 1286 pro
1193 1203 1317 1267 herede

167 1315 223 1370 aut
238 1327 298 1388 pro
314 1328 502 1391 possessore
517 1309 693 1390 possideat,
710 1309 743 1372 id
760 1308 800 1383 ei,
813 1308 864 1373 cui
880 1308 1042 1371 bonorum
1057 1307 1221 1390 possessio
1237 1308 1317 1371 data

168 1420 226 1484 est,
250 1411 422 1474 restituere
444 1411 574 1476 debeat.
619 1432 679 1494 pro
705 1411 827 1476 herede
850 1421 963 1476 autem
987 1411 1156 1493 possidere
1176 1411 1316 1486 videtur,

168 1513 223 1594 qui
245 1523 340 1596 putat
362 1535 399 1579 se
424 1513 581 1578 heredem
608 1535 700 1579 esse:
724 1536 784 1597 pro
811 1535 999 1597 possessore
1025 1515 1053 1576 is
1079 1514 1237 1596 possidet,
1260 1514 1317 1596 qui

168 1616 257 1680 nullo
288 1618 357 1681 iure
388 1638 458 1680 rem
488 1617 719 1682 hereditariam
749 1619 801 1683 vel
832 1619 933 1683 etiam
963 1627 1068 1682 totam
1097 1616 1318 1682 hereditatem

168 1719 273 1784 sciens
288 1721 331 1784 ad
347 1741 384 1784 se
400 1741 466 1784 non
481 1721 646 1805 pertinere
661 1723 818 1805 possidet.
864 1723 939 1786 ideo
958 1731 1069 1785 autem
1085 1719 1317 1802 adipiscendae

168 1824 381 1905 possessionis
395 1835 531 1890 vocatur
553 1826 774 1904 interdictum,
792 1827 870 1908 quia
892 1825 921 1889 ei
940 1833 1069 1889 tantum
1086 1822 1165 1886 utile
1186 1832 1245 1899 est,
1259 1823 1316 1906 qui

169 1947 254 1992 nunc
281 1928 424 2009 primum
454 1938 592 1992 conatur
621 1929 758 2014 adipisci
788 1930 834 1992 rei
865 1927 1125 2012 possessionem:
1155 1926 1267 2008 itaque
1289 1925 1316 1988 si

167 2031 240 2114 quis
264 2031 405 2113 adeptus
427 2034 670 2113 possessionem
694 2033 840 2097 amiserit
863 2053 946 2110 eam,
968 2031 1032 2096 hoc
1053 2029 1263 2095 interdictum
1287 2029 1317 2092 ei

168 2133 284 2198 inutile
304 2143 366 2198 est.
410 2135 621 2200 interdictum
642 2156 783 2222 quoque,
798 2137 886 2220 quod
907 2133 1094 2218 appellatur
1115 2131 1316 2210 Saluianum,

167 2365 200 2418 cl.
225 2363 314 2420 Gaius
336 2363 370 2420 iv.
394 2367 452 2420 162.
490 2365 603 2421 Certain
621 2365 743 2422 services
760 2367 843 2420 could
862 2367 898 2420 be
917 2365 1020 2435 legally
1037 2364 1158 2419 claimed
1176 2363 1249 2418 from
1269 2364 1317 2418 the

167 2447 283 2504 libertus
301 2449 340 2517 by
358 2448 402 2503 his
420 2458 522 2520 patron
535 2447 560 2503 if
573 2450 641 2520 they
659 2449 717 2504 had
735 2450 808 2505 been
827 2448 971 2520 promised
989 2448 1080 2502 under
1097 2447 1186 2514 oath;
1205 2463 1253 2501 see
1269 2463 1317 2516 pp.

168 2545 228 2600 371,
242 2531 294 2600 388
307 2547 381 2602 supr.
420 2531 482 2587 The
499 2531 631 2588 interdict
651 2530 674 2588 is
693 2542 743 2588 not
759 2531 924 2587 mentioned
936 2531 1090 2586 elsewhere
1103 2529 1132 2586 in
1144 2530 1192 2585 the
1207 2530 1317 2600 Corpus

167 2631 243 2670 runs.

204 2699 262 2752 For
273 2697 323 2752 the
335 2699 437 2767 pater's
450 2697 524 2769 right
537 2708 567 2754 to
580 2699 692 2755 ensorce
705 2698 873 2770 production
883 2697 916 2752 ol
924 2697 1052 2753 children
1064 2695 1094 2752 in
1106 2695 1150 2751 his
1163 2712 1319 2766 powersee

169 2780 234 2850 Dig.
249 2795 291 2849 43.
306 2795 360 2849 30;
377 2781 426 2836 the
444 2781 565 2837 formula
583 2783 616 2837 ol
631 2784 679 2838 the
698 2782 829 2838 interdict
849 2799 900 2837 ran
919 2782 983 2854 ‘qui
1002 2799 1110 2854 quaeve
1129 2781 1158 2835 in
1177 2789 1320 2850 potestate

91 2887 96 2898 ·
168 2863 235 2919 Titii
254 2873 306 2934 est,
319 2864 343 2918 si
362 2863 386 2918 is
405 2882 475 2920 eave
493 2865 570 2936 apud
588 2875 617 2921 te
635 2876 678 2922 est
698 2867 799 2922 dolove
818 2868 894 2922 malo
913 2877 962 2923 tuo
981 2866 1149 2922 factumest
1168 2864 1320 2936 quominus

168 2947 244 3017 apud
257 2959 285 3002 te
298 2957 381 3017 esset,
395 2946 435 3002 ita
448 2965 513 3004 eum
526 2966 625 3004 eamve
638 2949 790 3005 exhibeas.'

204 3031 293 3087 Gaius
316 3031 364 3102 (iv.
387 3032 448 3100 140)
470 3049 536 3102 says
555 3034 617 3088 that
637 3033 735 3088 orders
757 3032 904 3104 enjoining
923 3033 1083 3090 restitution
1102 3049 1133 3088 or
1151 3029 1320 3103 production

169 3133 240 3170 were
253 3125 303 3170 not
317 3115 489 3186 improperly
501 3115 592 3171 called
608 3117 723 3172 decreta
736 3133 743 3185 ;
762 3117 797 3172 cl.
811 3118 859 3172 the
873 3119 917 3172 lex
930 3118 966 3173 de
981 3119 1054 3173 Gall.
1067 3116 1164 3186 cisalp.
1177 3115 1322 3182 decernet,

169 3197 362 3255 interdicetve.
400 3200 458 3252 For
470 3198 637 3254 interdicere
650 3199 678 3254 in
692 3201 740 3254 the
758 3217 842 3255 sense
855 3201 887 3256 os
903 3201 1067 3270 ‘ordering’
1079 3199 1114 3253 cl.
1128 3198 1173 3253 ‘ut
1186 3197 1322 3266 navigare

167 3282 251 3337 liceat
265 3319 272 3335 .
286 3324 293 3337 .
305 3321 312 3336 .
326 3280 509 3336 interdicam'
523 3282 588 3352 Dig.
602 3297 646 3351 43.
663 3298 701 3350 14.
719 3298 739 3337 1.
752 3299 794 3352 pr.
829 3282 994 3354 Justinian's
1013 3281 1171 3337 derivation
1188 3282 1221 3335 ol
1236 3281 1321 3336 inter-

169 3365 275 3420 dictum
286 3365 309 3420 is
320 3365 496 3436 reproduced
508 3365 547 3435 by
556 3366 741 3436 Theophilus,
754 3367 908 3435 ἱντερδίκτον
922 3407 928 3422 .
943 3407 949 3421 .
964 3407 970 3421 .
984 3365 1057 3419 ἐστὶν
1069 3363 1157 3433 ὁμιλία
1169 3365 1321 3433 Πραίτωρος

167 3449 265 3517 μεταξὺ
282 3447 329 3502 δύο
347 3453 429 3519 τινῶν,
448 3449 506 3504 and
524 3449 652 3520 possibly
667 3449 691 3504 is
709 3450 863 3520 supported
879 3449 917 3518 by
931 3447 998 3518 Dig.
1010 3462 1052 3516 43.
1068 3463 1109 3502 ao
1128 3461 1148 3501 1.
1163 3461 1198 3516 29
1217 3446 1319 3502 ‘inter-

168 3531 332 3587 trimentum
351 3533 387 3587 ab
406 3550 449 3600 eo,
463 3533 539 3603 quod
554 3533 611 3587 duo
624 3550 698 3603 quae
711 3533 783 3588 inter
796 3550 827 3588 se
839 3532 905 3588 trita
917 3542 945 3587 et
958 3532 1111 3587 deminuta
1126 3568 1133 3584 .
1146 3527 1163 3585 .’
1186 3529 1320 3584 Isidorus'

168 3615 332 3686 etymology
350 3615 375 3670 is
393 3615 531 3685 different,
547 3615 745 3671 ‘interdictum
759 3625 811 3686 est,
824 3615 891 3686 quia
901 3615 938 3670 ad
951 3625 1063 3685 tempus
1076 3611 1188 3668 interim
1201 3611 1319 3668 dicitur’

169 3699 238 3768 orig.
256 3709 278 3768 ς.
293 3711 333 3768 25.

206 3781 262 3852 §2
282 3781 353 3836 This
366 3781 400 3836 of
413 3799 512 3837 course
532 3781 555 3838 is
575 3799 592 3837 a
611 3782 732 3838 division
752 3784 818 3853 only
837 3783 870 3837 os
885 3784 1056 3852 Possessory
1068 3780 1235 3847 interdicts;
1254 3777 1274 3834 it
1294 3778 1318 3834 is

170 3864 325 3935 ‘sequens,’
342 3881 374 3920 or
390 3865 593 3932 subordinate;
611 3867 672 3921 that
691 3866 751 3922 into
770 3865 963 3938 prohibitoria,
982 3877 1045 3934 etc,
1064 3865 1088 3920 is
1107 3865 1249 3920 ‘summa'
1262 3863 1288 3931 (ξ
1306 3878 1317 3918 1

170 3948 258 4018 supr.)
272 3965 304 4003 or
317 3947 509 4019 ‘principalis’
522 3949 623 4019 (Gaius
637 3949 671 4006 iv.
685 3951 757 4020 142).

206 4031 261 4102 58.
290 4032 353 4088 The
374 4032 495 4088 formula
519 4033 552 4088 os
572 4049 691 4104 quorum
716 4034 856 4088 bonorum
881 4033 905 4088 is
936 4033 1020 4104 given
1052 4031 1080 4088 in
1104 4033 1169 4102 Dig.
1190 4046 1232 4100 43.
1255 4045 1279 4086 2.
1306 4046 1317 4086 ι

169 4118 304 4188 ‘quorum
317 4117 456 4172 bonorum
469 4135 503 4172 ex
513 4117 607 4173 edicto
617 4135 681 4172 meo
690 4117 728 4172 illi
742 4117 886 4188 possessio
899 4118 967 4172 data
980 4129 1032 4186 est,
1045 4117 1121 4188 quod
1131 4117 1167 4172 de
1180 4116 1224 4170 his
1237 4115 1320 4170 bonis

169 4217 220 4272 pro
236 4199 341 4256 herede
359 4211 408 4255 aut
427 4217 478 4271 pro
491 4218 656 4272 possessore
668 4201 808 4272 possides,
821 4200 1020 4270 possideresve
1033 4200 1056 4254 si
1070 4199 1139 4253 nihil
1153 4207 1321 4268 usucaptum

169 4294 254 4352 esset,
268 4283 402 4356 quodque
415 4284 481 4339 dolo
494 4286 570 4339 malo
587 4284 678 4340 fecisti
691 4285 731 4340 uti
749 4283 893 4340 desineres
912 4283 1066 4354 possidere,
1079 4283 1109 4337 id
1122 4281 1160 4337 illi
1173 4281 1321 4336 restituas.¹

169 4370 240 4422 Two
258 4366 345 4422 views
364 4385 413 4422 are
431 4367 499 4422 held
517 4385 549 4423 as
568 4377 598 4424 to
617 4367 652 4422 its
671 4377 771 4423 nature
786 4387 793 4433 ;
812 4367 938 4436 Savigny
950 4365 1103 4421 maintains
1121 4366 1183 4421 that
1200 4364 1220 4419 it
1234 4379 1322 4420 wasa

169 4449 316 4506 definitive
334 4450 451 4520 remedy
463 4451 502 4520 by
514 4450 606 4506 which
625 4452 674 4508 the
693 4451 833 4506 bonorum
852 4467 1000 4521 possessor
1017 4448 1152 4504 obtained
1171 4466 1189 4504 a
1205 4446 1324 4519 judicial

168 4537 346 4608 recognition
364 4539 397 4598 oi
411 4537 455 4595 his
473 4538 534 4596 title
552 4555 584 4596 as
603 4536 764 4612 praetorian
782 4538 852 4609 heir,
865 4537 947 4595 while
965 4547 1040 4594 most
1059 4537 1141 4594 other
1159 4535 1266 4594 writers
1283 4551 1322 4594 ou

718 4635 780 4708 Qq
