3152 5164
919 455 959 518 88

367 629 551 714 nostrisque
586 627 792 694 suasionibus
831 638 1034 712 componant
1072 629 1329 696 institutiones:
1367 639 1401 694 ut
1425 629 1479 690 licut

365 735 459 801 vobis
481 735 587 817 prima
610 733 722 816 legum
741 731 905 796 cunabula
926 752 992 796 non
1015 733 1059 796 ab
1081 735 1227 817 antiquis
1250 735 1378 800 fabulis
1393 734 1480 796 discere.

366 841 424 904 sed
451 838 494 902 ab
521 837 681 920 imperiali
715 835 891 918 splendore
927 845 1086 918 appetere
1119 847 1153 902 et
1190 847 1268 902 tam
1302 858 1399 902 aures
1424 853 1481 916 quan

365 943 496 1006 animae
518 951 645 1005 vestrae
669 939 749 1002 nihil
776 939 890 1003 inutile
914 939 1060 1023 nihilque
1082 961 1262 1025 perperam
1289 943 1438 1026 positum,
1453 937 1482 998 sei

365 1045 454 1127 quod
471 1045 504 1106 in
520 1043 598 1126 ipsis
616 1063 724 1107 rerum
745 1042 875 1125 optinet
896 1046 1100 1126 argumentis
1122 1047 1316 1128 accipiant:
1343 1055 1377 1110 et
1391 1041 1483 1126 quodi

365 1149 474 1230 priore
496 1155 646 1230 tempore
660 1147 718 1210 vix
737 1155 814 1230 post
831 1145 1085 1230 quadriennium
1108 1149 1281 1232 prioribus
1306 1145 1484 1228 contingebat

365 1260 402 1317 ut
438 1263 518 1318 tunc
555 1251 806 1315 constitutiones
842 1251 1069 1334 imperatorias
1106 1253 1273 1336 legerent,
1312 1255 1379 1316 hoc
1411 1265 1485 1311 voss

364 1355 545 1439 primordio
569 1354 797 1436 ingrediamini
821 1353 912 1436 digni
939 1363 1033 1418 tanto
1059 1355 1183 1420 honore
1208 1365 1384 1438 tantaque
1409 1365 1485 1432 reper-

364 1459 530 1537 felicitate,
544 1465 581 1522 ut
597 1467 631 1522 et
646 1457 775 1521 initium
789 1457 883 1521 vobis
906 1465 939 1521 et
962 1457 1036 1521 finis
1059 1458 1170 1541 legum
1192 1459 1399 1526 eruditionis
1411 1477 1428 1519 a
1439 1471 1485 1515 vocr·

335 1561 536 1644 4principali
560 1561 728 1644 procedat.
775 1561 881 1643 Igitur
907 1570 982 1644 post
1012 1561 1114 1626 libros
1143 1564 1396 1648 quinquaginta
1416 1559 1484 1637 diges-

365 1673 474 1727 torum
490 1685 547 1726 seu
563 1665 810 1746 pandectarum,
825 1664 858 1728 in
878 1685 962 1748 quos
980 1686 1081 1730 omne
1097 1667 1146 1730 ius
1166 1671 1354 1752 antiquum
1371 1663 1485 1730 collatur:

366 1776 417 1830 est
432 1763 529 1850 (quos
552 1787 610 1848 per
630 1769 773 1834 eundem
793 1768 898 1832 virum
920 1769 1088 1833 excelsum
1104 1770 1355 1836 Tribonianurn
1379 1787 1432 1832 nec
1449 1779 1483 1824 nu

365 1878 492 1934 ceteros
518 1869 604 1934 viros
629 1871 771 1936 illustres
801 1881 835 1936 et
865 1871 1118 1938 facundissimos
1147 1871 1384 1960 confecimus),
1408 1871 1435 1932 in
1453 1867 1485 1927 hu

365 1983 522 2056 quattuor
541 1973 642 2039 libros
669 1977 801 2038 easdem
829 1975 1050 2042 institutiones
1073 1979 1186 2060 partiri
1211 1980 1384 2054 iussimus,
1403 1981 1433 2035 ut
1448 1969 1483 2030 sint

335 2079 467 2143 5totius
489 2077 660 2162 legitimae
686 2079 843 2143 scientiae
868 2079 976 2162 prima
1001 2060 1178 2147 elementa.¹
1222 2083 1363 2166 Quibus
1385 2074 1484 2143 breviter

365 2183 554 2265 expositum
570 2192 620 2247 est
637 2191 671 2248 et
687 2183 777 2265 quod
798 2191 897 2248 antea
917 2185 1090 2266 optinebat
1112 2195 1147 2250 et
1162 2189 1251 2270 quod
1268 2197 1394 2272 postea
1408 2181 1483 2244 deut

363 2286 478 2350 tudine
508 2286 730 2352 inumbratum
760 2287 803 2351 ab
833 2287 993 2371 imperiali
1023 2291 1172 2355 remedio
1199 2290 1425 2356 illuminatum
1451 2288 1483 2342 ei*

334 2387 458 2470 dQuas
479 2409 523 2452 ex
546 2390 697 2455 omnibus
718 2391 929 2474 antiquorum
953 2393 1212 2459 institutionibus
1227 2405 1262 2461 et
1278 2393 1449 2480 praecipue
1461 2397 1483 2442 ὅ

364 2491 609 2556 commentariis
640 2493 713 2557 Gaii
747 2493 851 2558 nostri
887 2504 957 2559 tam
995 2497 1237 2562 institutionum
1277 2517 1384 2583 quam
1413 2499 1482 2554 rerum

364 2593 617 2658 cottidianarum
643 2595 781 2680 aliisque
806 2597 918 2663 multis
945 2603 1189 2666 commentariis
1214 2601 1421 2688 compositas
1439 2603 1498 2688 cum1

363 2707 431 2762 tres
451 2700 609 2781 praedicti
629 2702 690 2765 viri
714 2701 892 2784 prudentes
922 2704 1018 2768 nobis
1044 2705 1243 2788 optulerunt,
1262 2719 1297 2773 et
1322 2703 1452 2788 legimus
1467 2697 1484 2748 er

362 2801 575 2886 cognovimus
597 2814 631 2869 et
653 2805 880 2888 plenissimum
904 2817 1090 2874 nostrarum
1121 2812 1399 2877 constitutionum
1420 2798 1498 2864 roburl

362 2908 408 2972 eis
426 2909 762 2974 accommodavimus.
1497 2919 1498 2928 ’

332 3022 349 3075 7
406 3013 546 3081 Summa
576 3017 689 3099 itaque
726 3036 791 3099 ope
824 3026 858 3082 et
891 3017 989 3083 alacri
1028 3021 1138 3085 studio
1172 3021 1233 3086 has
1262 3021 1359 3107 leges
1390 3015 1498 3106 nostrat

361 3119 500 3200 accipite
524 3130 558 3184 et
579 3130 710 3185 vosmet
736 3121 826 3202 ipsos
850 3121 896 3186 sic
924 3123 1070 3188 eruditos
1094 3126 1269 3202 ostendite,
1294 3137 1334 3192 ut
1362 3138 1433 3205 spes
1449 3121 1484 3172 νος

361 3219 580 3303 pulcherrima
599 3223 709 3288 foveat
731 3233 804 3290 toto
826 3224 975 3309 legitimo
997 3249 1097 3310 opere
1120 3230 1268 3312 perlecto
1288 3249 1391 3314 posse
1416 3217 1486 3284 etiarn

362 3332 510 3386 nostram
543 3345 612 3389 rem
644 3327 811 3408 publicam
849 3330 883 3394 in
919 3332 1068 3413 partibus
1106 3333 1175 3398 eius
1207 3335 1302 3400 vobis
1342 3314 1485 3399 credetldis

361 3426 554 3508 gubernare.

406 3529 497 3595 Data
523 3532 698 3600 undecimo
723 3533 882 3602 kalendas
909 3538 1111 3604 Decembres
1137 3533 1426 3622 Constantinopoli
1449 3527 1486 3590 d(l

362 3634 451 3701 mino
474 3645 585 3703 nostro
609 3638 792 3705 Iustiniano
813 3652 976 3726 perpetuo
998 3642 1154 3727 Augusto
1177 3646 1311 3710 tertium
1335 3633 1466 3711 consule·
