3310 5218
193 356 246 406 Tit.
259 350 294 416 1.]
536 349 596 404 DE
617 347 769 404 RERUM
787 347 1017 406 DIVISIONE.
1286 347 1343 426 191

241 513 417 577 Praeterea
446 515 537 596 quod
564 535 624 596 per
647 513 846 577 alluvionem
871 533 951 596 agro
979 522 1037 578 tuo
1062 513 1185 578 flumen
1215 516 1344 592 adiecit,
1360 533 1395 589 20

194 619 265 681 iure
280 618 431 700 gentium
452 618 513 681 tibi
537 618 729 700 adquiritur.
761 628 811 682 est
830 628 941 682 autem
964 617 1085 682 alluvio
1107 620 1345 684 incrementum

193 721 313 785 latens.
344 742 403 803 per
418 721 617 785 alluvionem
633 731 744 786 autem
761 723 794 785 id
810 722 940 786 videtur
954 722 1047 800 adici,
1063 726 1152 804 quod
1169 724 1215 788 ita
1231 723 1346 806 paula·

194 825 257 888 tim
278 825 427 900 adicitur,
449 833 486 887 ut
506 825 695 908 intellegere
716 846 781 887 non
802 827 918 907 possis,
939 835 1100 907 quantum
1121 849 1256 910 quoquo
1275 849 1346 891 mo·

195 937 311 992 mento
326 929 486 1012 temporis
502 929 670 993 adiciatur.
702 929 831 1012 Quodsi
842 930 891 994 vis
904 929 1047 996 fluminis
1057 942 1185 1014 partem
1200 932 1346 1016 aliquam
1360 941 1393 996 21

196 1053 241 1096 ex
267 1043 328 1096 ruo
349 1035 486 1115 praedio
511 1035 693 1097 detraxerit
715 1044 749 1098 et
769 1034 866 1096 vicini
887 1036 1022 1116 praedio
1042 1037 1214 1118 appulerit,
1236 1037 1347 1120 palam

197 1146 249 1200 est
277 1157 351 1200 eam
376 1147 468 1200 tuam
493 1157 696 1220 permanere.
729 1137 828 1219 plane
850 1139 877 1200 si
902 1137 1051 1220 longiore
1074 1149 1223 1223 tempore
1245 1141 1348 1206 sundo

196 1241 294 1304 vicini
309 1239 453 1304 haeserit
465 1241 673 1323 arboresque,
686 1251 769 1323 quas
785 1262 896 1304 secum
913 1245 1059 1322 traxerit,
1072 1244 1105 1306 in
1121 1265 1196 1308 eum
1209 1245 1347 1308 fundum

198 1346 325 1408 radices
341 1345 477 1425 egerint,
490 1365 533 1407 ex
549 1365 589 1408 eo
604 1353 754 1427 tempore
765 1345 919 1412 videntur
933 1347 1029 1410 vicini
1045 1344 1147 1412 sundo
1163 1349 1348 1430 adquisitae

198 1469 280 1513 esse.
327 1448 448 1526 Insula,
464 1469 550 1530 quae
571 1449 604 1511 in
626 1448 708 1512 mari
727 1457 805 1512 nata
827 1458 885 1528 est,
907 1452 996 1532 quod
1017 1473 1089 1515 raro
1108 1453 1235 1530 accidit,
1252 1473 1347 1517 occu·
1362 1461 1397 1516 22

197 1553 309 1635 pantis
324 1551 378 1614 fit:
403 1551 523 1614 nullius
536 1553 623 1615 enim
640 1573 712 1616 esse
727 1553 879 1617 creditur.
910 1563 945 1618 at
961 1555 993 1616 in
1009 1554 1144 1620 flumine
1160 1565 1245 1632 nata,
1259 1557 1349 1638 quod

198 1655 388 1737 frequenter
410 1655 538 1732 accidit,
554 1657 581 1718 si
599 1656 733 1738 quidem
756 1657 899 1721 mediam
922 1669 1050 1740 partem
1066 1659 1209 1723 fluminis
1227 1670 1348 1735 teneat,

199 1759 385 1823 communis
412 1768 462 1822 est
489 1781 612 1836 eorum,
639 1760 696 1842 qui
722 1761 765 1824 ab
790 1771 930 1842 utraque
957 1770 1051 1844 parte
1076 1761 1219 1825 fluminis
1246 1783 1349 1844 prope

199 1863 305 1944 ripam
322 1863 456 1944 praedia
472 1864 651 1945 possident,
668 1884 727 1946 pro
751 1865 853 1928 modo
875 1863 1058 1927 latitudinis
1074 1865 1231 1945 cuiusque
1246 1864 1348 1940 fundi,

200 1987 286 2048 quae
308 1965 450 2030 latitudo
473 1987 577 2049 prope
599 1967 704 2050 ripam
728 1969 780 2032 sit.
816 1967 934 2049 quodsi
956 1965 1050 2030 alteri
1068 1967 1152 2049 parti
1168 1967 1351 2048 proximior

201 2070 252 2145 sit,
269 2089 382 2133 eorum
399 2079 449 2133 est
465 2080 604 2148 tantum,
620 2071 697 2154 quia
719 2071 762 2134 ab
786 2092 825 2135 ea
848 2081 941 2153 parte
963 2090 1066 2154 prope
1089 2070 1194 2152 ripam
1216 2071 1350 2152 praedia

202 2173 381 2255 possident.
427 2175 546 2255 quodsi
569 2174 681 2256 aliqua
704 2183 798 2256 parte
821 2175 962 2238 divisum
985 2173 1118 2253 flumen,
1133 2175 1252 2238 deinde
1268 2173 1350 2238 inira

203 2278 333 2341 unitum
356 2297 473 2360 agmm
496 2278 633 2342 alicuius
656 2279 689 2341 in
712 2278 853 2343 sormam
873 2278 998 2342 insulae
1015 2279 1184 2361 redegerit,
1202 2277 1349 2342 eiusdem

203 2391 375 2464 permanet
396 2382 423 2446 is
444 2403 531 2465 ager,
549 2383 644 2446 cuius
662 2392 696 2447 et
720 2381 835 2447 suerat,
886 2383 1015 2466 Quodsi
1037 2382 1177 2447 naturali
1200 2381 1295 2446 alveo
1316 2383 1349 2444 in
1363 2393 1398 2448 23

204 2487 391 2549 universum
415 2487 572 2550 derelicto
594 2486 659 2550 alia
682 2497 778 2569 parte
800 2486 901 2550 fluere
927 2489 1080 2570 coeperit,
1104 2489 1193 2570 prior
1215 2487 1350 2570 quidem

202 2590 315 2654 alveus
331 2610 444 2654 eorum
461 2601 522 2666 est,
539 2593 595 2672 qui
611 2611 715 2673 prope
732 2592 836 2674 ripam
856 2592 925 2654 eius
945 2593 1079 2675 praedia
1095 2592 1276 2674 possident,
1292 2611 1352 2673 pro

204 2696 306 2758 modo
335 2695 459 2758 scilicet
482 2695 666 2759 latitudinis
690 2697 847 2778 cuiusque
870 2697 949 2778 agri,
972 2717 1058 2778 quae
1082 2696 1223 2760 latitudo
1249 2717 1353 2777 prope

186 2801 309 2880 ‘ripam
327 2799 379 2872 sit,
397 2819 500 2862 novus
516 2809 628 2863 autem
646 2797 759 2863 alveus
780 2799 850 2864 eius
873 2800 951 2863 iuris
973 2821 1044 2863 esse
1065 2801 1189 2882 incipit,
1206 2801 1297 2863 cuius
1321 2809 1354 2862 et

203 2903 312 2983 ipsum
329 2901 460 2979 flumen,
475 2903 508 2964 id
525 2911 575 2966 est
592 2902 752 2984 publicus.
784 2904 902 2985 quodsi
919 2913 995 2985 post
1011 2903 1144 2986 aliquod
1161 2913 1294 2984 tempus
1311 2903 1353 2965 ad

203 3008 345 3088 priorem
371 3005 502 3070 alveum
527 3027 692 3070 reversum
715 3007 812 3071 suerit
835 3007 967 3086 flumen,
990 3029 1100 3073 rursus
1124 3029 1227 3071 novus
1242 3006 1355 3069 alveus

204 3130 319 3174 eorum
339 3131 411 3174 esse
435 3111 558 3193 incipit,
583 3112 640 3194 qui
667 3133 771 3194 prope
796 3113 901 3195 ripam
926 3114 995 3177 eius
1016 3114 1150 3194 praedia
1174 3111 1354 3194 possident.

204 3213 286 3277 Alia
315 3234 395 3278 sane
425 3235 525 3278 causa
556 3225 617 3290 est,
645 3217 671 3280 si
700 3217 792 3281 cuius
822 3228 913 3282 totus
939 3237 1019 3299 ager
1044 3217 1223 3280 inundatus
1248 3213 1355 3278 luerit.
1369 3221 1404 3276 24

204 3482 297 3538 cessio
321 3501 415 3539 rerum
437 3485 592 3539 alienarum
614 3482 651 3554 (e)
677 3484 830 3556 adjunctio,
856 3482 947 3536 which
972 3483 1133 3552 comprises'
1157 3484 1356 3554 inaedificatio‚

206 3565 238 3637 ἕξ
253 3582 296 3637 29,
305 3582 348 3635 30,
361 3567 499 3638 plantatio
512 3569 569 3622 and
582 3568 663 3637 satio,
675 3566 707 3640 ἕξ
719 3584 761 3636 31,
773 3582 815 3636 32,
825 3566 882 3621 and
892 3563 1038 3620 accession
1051 3567 1084 3620 ot
1093 3565 1203 3634 writing
1215 3577 1244 3620 to
1257 3569 1357 3636 parch-

204 3661 292 3720 ment,
306 3653 321 3718 ξ
336 3666 370 3720 33
383 3652 427 3720 (cs.
444 3654 457 3720 §
473 3651 527 3719 26),
541 3652 598 3706 and
617 3653 649 3706 of
663 3651 807 3722 paintings
824 3661 854 3706 to
870 3651 919 3705 the
938 3665 1051 3718 canvas,
1066 3647 1080 3719 ξ
1095 3663 1148 3716 34;
1167 3648 1215 3721 (s)
1230 3649 1358 3706 conlusio

206 3733 263 3788 and
276 3735 449 3803 commixtio,
464 3733 495 3805 §§
510 3749 543 3802 27
557 3735 615 3790 and
628 3736 670 3791 28.

241 3819 319 3885 §22
338 3820 385 3872 An
404 3817 497 3872 island
514 3819 625 3873 formed
644 3818 672 3872 in
686 3835 703 3873 a
718 3818 792 3874 river
807 3818 831 3872 is
850 3815 985 3888 acquired
1003 3816 1042 3886 by
1054 3814 1180 3871 accessio
1197 3816 1264 3884 only
1276 3817 1358 3872 when

206 3901 254 3956 the
267 3903 372 3957 flumen
386 3901 409 3956 is
422 3902 566 3972 publicum
581 3901 659 3971 (note
672 3919 709 3956 on
723 3903 737 3969 §
749 3917 765 3956 2
776 3901 864 3972 supr.)
877 3920 883 3957 :
903 3900 927 3956 if
935 3902 984 3956 the
996 3910 1102 3956 stream
1115 3899 1139 3956 is
1151 3910 1200 3956 not
1214 3899 1359 3971 publicum

207 3984 243 4040 its
255 3985 313 4040 bed
325 3985 442 4053 already
453 3985 573 4054 belongs
590 3995 619 4040 to
636 3985 685 4040 the
702 3983 825 4056 riparian
841 4003 959 4042 owners.
995 3987 1020 4040 T
1022 3987 1058 4041 he
1072 3986 1132 4040 rule
1151 3985 1193 4039 lor
1209 3983 1360 4038 determin-

206 4067 255 4138 ing
276 4069 324 4124 the
345 4068 504 4139 ownership
526 4069 558 4122 oi
576 4067 668 4123 insula
690 4079 758 4123 nata
779 4069 803 4123 is
825 4069 993 4138 incorrectly
1011 4069 1105 4124 stated
1123 4069 1151 4122 in
1169 4069 1217 4123 the
1236 4076 1312 4122 text:
1338 4066 1359 4122 it

206 4151 348 4222 belonged
367 4151 537 4220 exclusively
549 4161 579 4206 to
598 4152 646 4206 the
664 4150 787 4220 riparian
800 4169 895 4206 owner
911 4169 944 4206 or
960 4169 1068 4206 owners
1086 4169 1123 4205 on
1140 4168 1194 4205 one
1214 4149 1275 4204 side
1294 4149 1361 4219 only

207 4235 288 4290 when
301 4253 319 4289 a
331 4235 388 4290 line
405 4235 501 4290 drawn
519 4235 602 4290 down
617 4235 666 4289 the
683 4245 780 4290 centre
797 4237 830 4290 of
845 4237 893 4291 the
912 4235 1054 4290 river-bed
1067 4234 1159 4288 would
1178 4250 1245 4304 pass
1259 4233 1361 4304 wholly

208 4327 238 4373 to
250 4320 298 4372 the
314 4319 388 4389 right
405 4336 438 4372 or
454 4319 503 4374 leit
516 4319 548 4372 ol
559 4319 587 4372 it.
628 4319 657 4372 ΙΙ
670 4319 740 4373 such
753 4336 771 4373 a
783 4319 840 4374 line
859 4332 905 4374 cut
923 4319 944 4375 it
963 4330 991 4373 at
1007 4319 1052 4388 all,
1066 4319 1113 4372 the
1132 4317 1291 4388 ownership
1304 4335 1361 4374 was

208 4401 324 4456 divided
338 4401 423 4470 (‘non
435 4419 487 4472 pro
501 4401 630 4470 indiviso,
644 4401 695 4456 sed
707 4401 869 4472 regionibus
888 4419 999 4472 quoque
1013 4400 1125 4456 divisis’
1139 4401 1204 4473 Dig.
1218 4417 1262 4471 41.
1279 4417 1300 4460 1.
1315 4402 1360 4474 29)

208 4501 280 4540 even
293 4486 400 4556 though
414 4484 434 4540 it
447 4501 505 4540 was
518 4484 561 4540 lar
573 4484 645 4540 from
658 4486 706 4542 the
719 4495 799 4542 exact
813 4485 928 4540 middle.
