3274 5152
184 419 297 486 rnna]
622 423 683 477 Da
703 423 897 484 eseam.
1268 440 1329 505 291

183 583 360 650 heredibus
388 596 536 652 servatur
564 597 598 654 et
627 598 736 654 recte:
769 593 902 656 nomina
928 593 1015 656 enim
1042 594 1330 678 significandorum

183 687 355 752 hominum
371 692 476 773 gratia
491 701 620 774 reperta
636 701 722 768 sunt,
740 695 838 776 quisi
859 696 1009 778 quolibet
1029 697 1095 762 alio
1115 700 1216 763 modo
1235 699 1331 763 intel-

184 791 344 874 legantur,
370 792 450 856 nihil
475 794 619 860 interest.
667 796 756 861 Huic
780 799 933 880 proxima
960 808 1009 863 est
1036 799 1092 863 illa
1117 801 1194 866 iuris
1220 802 1384 884 regula30

184 894 268 958 salsa
283 896 564 963 demonstratione
585 900 729 983 legatum
753 921 819 965 non
841 904 974 984 peremi.
1018 904 1119 968 veluti
1142 905 1169 968 si
1192 907 1264 988 quis
1286 907 1332 969 ita

185 997 342 1080 legaverit
359 999 531 1065 ‘Stichum
546 1023 676 1067 servum
693 1025 802 1067 meum
817 1025 952 1069 vernam
967 1007 1011 1070 do
1026 1006 1102 1090 lego
1115 1004 1136 1071 ι’
1151 1008 1227 1073 licet
1244 1011 1333 1074 enim

186 1121 252 1164 non
272 1124 381 1180 verna,
401 1106 459 1169 sed
483 1117 616 1190 emptus
634 1109 687 1184 sit,
708 1110 750 1173 de
773 1130 867 1173 servo
889 1119 1002 1174 tamen
1026 1121 1165 1191 constat,
1180 1112 1260 1177 utile
1282 1123 1333 1178 est

186 1204 344 1286 legatum.
398 1218 432 1273 et
462 1211 694 1276 convenienter
722 1213 749 1275 si
780 1213 841 1302 ita*
856 1215 1130 1279 demonstraverit
1161 1214 1332 1280 ‘Stichum

186 1328 326 1386 servum,
339 1331 438 1394 quem
454 1333 474 1376 a
491 1313 569 1378 Seio
584 1311 668 1392 emi,’
681 1315 789 1397 sitque
799 1315 842 1378 ab
856 1316 921 1378 alio
937 1325 1076 1400 emptus,
1089 1317 1170 1382 utile
1186 1318 1332 1400 legatum

187 1421 246 1489 est,
261 1413 288 1476 si
303 1414 346 1477 de
361 1435 455 1478 servo
474 1427 614 1481 constat.
659 1417 777 1500 Longe
796 1419 901 1501 magis
919 1417 1031 1502 legato
1051 1419 1134 1484 salsa
1152 1439 1251 1485 causa
1266 1442 1332 1485 non
1346 1428 1378 1482 31

187 1525 293 1582 nocet.
337 1519 438 1582 veluti
461 1541 537 1584 curn
559 1522 606 1585 ita
628 1522 702 1604 quis
724 1523 868 1585 dixerit:
893 1522 1012 1598 ‘Titio,
1030 1525 1107 1606 quia
1127 1525 1264 1589 absente
1280 1546 1334 1589 me

188 1620 320 1700 negotia
343 1641 417 1685 mea
436 1625 569 1704 curavit,
593 1623 744 1689 Stichum
769 1625 813 1688 do
834 1625 931 1708 lego,’
946 1626 999 1690 vel
1022 1626 1088 1690 ita:
1112 1632 1122 1663 ‘
1133 1627 1233 1704 Titio,
1257 1629 1334 1710 quia

187 1723 370 1802 patrocinio
400 1727 468 1789 eius
498 1728 629 1810 capitali
656 1729 791 1792 crimine
817 1727 976 1792 liberatus
1001 1749 1084 1802 sum,
1110 1729 1263 1794 Stichum
1289 1731 1334 1794 do

188 1823 295 1907 lego:’
324 1828 400 1892 licet
430 1831 517 1894 enim
552 1852 660 1914 neque
689 1832 823 1914 negotia
853 1833 1019 1896 testatoris
1049 1853 1206 1915 umquam
1233 1835 1335 1916 gessit

188 1929 297 1996 Titius
327 1951 434 2014 neque
464 1936 645 2018 patrocinio
675 1936 744 2000 eius
774 1935 932 2000 liberatus
958 1946 1017 2010 est,
1044 1935 1192 2018 legatum
1222 1946 1334 2001 tamen

188 2033 286 2098 valet.
340 2039 398 2101 sed
429 2040 455 2101 si
485 2040 753 2104 condicionaliter
783 2041 955 2104 enuntiata
984 2040 1082 2104 suerit
1111 2061 1219 2119 causa,
1244 2040 1335 2104 aliud

188 2138 265 2200 iuris
287 2149 346 2218 est,
361 2142 463 2206 veluti
488 2143 551 2208 hoc
574 2145 694 2208 modo:
719 2142 837 2221 ‘Titio,
861 2144 888 2206 si
913 2144 1047 2225 negotia
1071 2163 1145 2206 mea
1167 2145 1336 2222 curaverit,

188 2239 327 2304 lundum
343 2244 388 2307 do
402 2243 497 2328 lego!
539 2245 598 2310 An
616 2267 710 2310 servo
730 2246 860 2310 heredis
878 2255 967 2310 recte
984 2246 1142 2330 legamus,
1159 2247 1336 2329 quaeritur.
1350 2251 1384 2304 32

189 2351 224 2405 et
239 2355 369 2409 constat
385 2367 465 2429 pure
481 2349 639 2414 inutiliter
653 2350 755 2432 legari
770 2349 1027 2432 necquidquam
1043 2350 1208 2432 proficere,
1220 2351 1246 2414 si
1261 2351 1337 2413 vivo

189 2455 348 2512 testatore
369 2452 412 2514 de
432 2461 599 2534 potestate
615 2453 745 2517 heredis
761 2454 887 2530 exierit,
905 2454 982 2535 quia
1003 2454 1093 2534 quod
1116 2452 1230 2516 inutile
1252 2453 1337 2516 soret

189 2549 345 2633 legatum,
361 2555 388 2618 si
412 2558 525 2620 statim
547 2567 623 2640 post
646 2557 770 2622 sactum
793 2565 1032 2622 testamentum
1056 2558 1248 2622 decessisset
1271 2567 1337 2621 tes-

188 2662 285 2732 tator,
302 2656 365 2721 hoc
386 2679 452 2722 non
473 2661 574 2724 debet
593 2661 668 2725 ideo
685 2661 804 2736 valere,
821 2662 899 2743 quia
914 2661 1037 2724 diutius
1055 2669 1196 2724 testator
1209 2661 1337 2724 vixerit.

189 2757 251 2820 sub
281 2762 475 2827 condicione
503 2785 581 2828 vero
610 2775 698 2829 recte
724 2763 861 2847 legatur,
885 2773 922 2828 ut
952 2764 1164 2846 requiramus,
1190 2784 1243 2839 an,
1271 2783 1338 2845 quo

188 2870 337 2944 tempore
359 2867 429 2929 dies
447 2868 547 2952 legati
571 2871 666 2948 cedit,
688 2870 721 2932 in
745 2876 912 2952 potestate
937 2867 1068 2932 heredis
1091 2889 1158 2932 non
1181 2869 1234 2932 sit.
1281 2867 1338 2930 Ex
1352 2873 1387 2928 33

190 2965 319 3030 diverso
337 2967 458 3034 herede
480 2974 632 3037 instituto
654 2993 749 3037 servo
771 2973 851 3055 quin
874 2972 1010 3035 domino
1033 2981 1122 3035 recte
1144 2972 1245 3034 etiam
1268 2970 1340 3034 sine

190 3066 382 3136 condicione
411 3074 549 3158 legetur,
579 3097 645 3142 non
677 3077 857 3141 dubitatur.
903 3084 1040 3139 namet
1069 3077 1097 3139 si
1125 3076 1239 3140 statim
1264 3083 1340 3157 post

228 3361 306 3434 §80.
326 3365 487 3438 ‘Quicquid
500 3367 711 3422 demonstratae
730 3367 770 3422 rei
789 3366 904 3421 additur
919 3366 988 3421 satis
1007 3367 1226 3436 demonstratae,
1239 3368 1341 3424 frustra

191 3449 250 3502 est'
264 3449 330 3518 Dig.
344 3464 385 3517 3}
399 3465 424 3516 4
442 3466 464 3502 1.
478 3451 503 3518 8,
516 3451 564 3504 the
576 3467 678 3505 reason
691 3449 778 3518 being
790 3450 851 3503 that
865 3449 1084 3516 ‘demonstratio
1099 3452 1263 3522 plerumque
1279 3451 1341 3506 vice

192 3531 315 3585 nominis
328 3533 469 3600 lungitur'
482 3532 548 3602 Dig.
562 3545 605 3602 35.
621 3547 644 3586 1.
657 3547 699 3600 34

229 3612 243 3683 ξ
257 3616 302 3666 81.
321 3614 383 3668 'ibe
396 3615 511 3683 general
523 3615 582 3669 rule
596 3613 620 3668 is
633 3615 694 3668 that
707 3631 725 3668 a
738 3623 942 3683 testamentary
955 3613 1123 3684 disposition
1137 3614 1161 3669 is
1173 3615 1239 3669 void
1258 3615 1282 3669 ii
1293 3617 1341 3671 the

191 3697 333 3750 testator³s
348 3697 453 3751 motive
472 3697 501 3751 in
519 3697 636 3768 making
654 3697 675 3752 it
695 3697 719 3752 is
738 3715 755 3752 a
773 3696 914 3752 mistaken
930 3714 994 3766 one,
1006 3714 1030 3753 e.
1037 3715 1063 3767 g.
1077 3697 1101 3751 is
1111 3699 1147 3752 he
1160 3699 1342 3769 erroneously

193 3795 331 3849 supposes
348 3781 396 3835 the
412 3779 556 3836 institutus
573 3799 606 3836 or
621 3783 730 3852 legatee
743 3791 773 3836 to
785 3782 858 3836 have
872 3781 960 3836 saved
972 3781 1017 3836 his
1030 3781 1085 3850 lise,
1098 3791 1129 3836 to
1141 3782 1177 3836 be
1190 3782 1234 3836 his
1247 3793 1342 3852 agent,

192 3875 265 3919 etc:
286 3865 343 3919 and
362 3863 382 3920 it
402 3864 426 3919 is
445 3866 512 3934 only
526 3867 694 3936 apparently
709 3866 770 3920 that
789 3865 844 3919 this
864 3865 888 3920 is
906 3865 1101 3920 contradicted
1120 3865 1158 3934 by
1170 3866 1219 3920 the
1237 3865 1342 3920 maxim

192 3948 264 4002 falsa
283 3965 369 4004 causa
387 3965 444 4004 non
464 3937 563 4004 nocet*
592 3949 639 4003 All
657 3950 718 4004 that
735 3950 783 4003 the
799 3949 882 4003 latter
898 3965 997 4002 means
1015 3947 1039 4002 is
1056 3949 1118 4003 that
1135 3965 1171 4002 an
1185 3947 1342 4004 institution

194 4047 226 4084 or
238 4033 337 4100 legacy
347 4033 374 4096 is
387 4043 437 4087 not
450 4032 571 4087 avoided
581 4033 620 4101 by
629 4033 677 4087 the
688 4049 764 4087 mere
774 4033 831 4086 lact
841 4033 903 4086 that
916 4032 965 4086 the
978 4041 1096 4086 testator
1108 4041 1195 4086 states
1208 4049 1226 4086 a
1238 4031 1343 4086 motive

193 4115 237 4168 ior
248 4115 293 4170 his
305 4115 474 4186 disposition
487 4116 579 4170 which
599 4116 622 4170 is
640 4117 755 4171 unreal:
776 4126 806 4170 to
823 4115 907 4170 avoid
927 4115 948 4170 it
968 4115 988 4170 it
1008 4125 1083 4170 must
1102 4116 1163 4169 also
1181 4115 1218 4170 be
1236 4115 1343 4186 proved

193 4199 255 4253 that
267 4199 304 4254 he
317 4199 445 4254 believed
458 4199 479 4254 it
492 4209 522 4254 to
534 4200 570 4254 be
583 4199 642 4253 real
655 4217 661 4252 :
681 4197 799 4252 ‘salsam
817 4215 933 4252 causam
950 4199 1045 4267 legato
1062 4215 1119 4252 non
1136 4199 1238 4252 obesse
1251 4196 1343 4252 verius

194 4291 247 4346 est,
266 4281 333 4353 quia
354 4283 426 4338 ratio
448 4282 561 4352 legandi
584 4282 678 4352 legato
700 4299 758 4336 non
782 4283 933 4336 cohaeret:
960 4281 1011 4337 sed
1034 4282 1199 4352 plerumque
1221 4280 1278 4336 doli
1298 4298 1343 4335 ex-

194 4363 288 4435 ceptio
306 4367 399 4421 locum
417 4365 543 4436 habebit,
565 4365 588 4420 si
608 4365 742 4436 probetur
760 4365 830 4420 alias
849 4367 991 4434 legaturus
1011 4381 1068 4420 non
1088 4364 1189 4420 suisse'
1215 4364 1281 4435 Dig.
1301 4377 1342 4434 35.

198 4463 220 4506 ι.
234 4451 328 4518 7ι.6;
347 4451 383 4505 cf.
397 4451 465 4506 Cod.
480 4451 506 4505 6.
519 4465 562 4517 44.
581 4465 601 4505 r.

370 4531 377 4546 ⁴
406 4532 571 4590 distinction
584 4533 712 4588 between
722 4549 739 4588 a
749 4533 848 4602 legacy
858 4531 941 4602 given
955 4549 1033 4603 pure,
1041 4531 1098 4587 and
1111 4532 1164 4587 sub
1178 4531 1344 4588 condicione

744 4635 804 4685 112
