3274 5152
192 436 241 484 Tit.
255 427 306 496 ια]
630 425 691 481 DE
711 424 905 482 LEGATIS.
1277 433 1340 502 293

192 602 350 668 inutiliter
369 599 542 684 legabatur
562 608 595 664 et
612 598 822 664 adimebatur
835 598 888 662 vel
904 587 1169 664 transferebatur.
1214 619 1341 682 poenae

191 715 304 770 autem
331 706 463 768 nomine
489 703 590 786 legari
616 703 754 780 videtur,
778 703 868 784 quod
892 703 1064 766 coercendi
1087 703 1218 767 heredis
1240 723 1339 768 causa

193 808 391 890 relinquitur,
405 827 471 890 quo
487 807 593 888 magis
614 806 642 868 is
659 806 782 888 aliquid
806 805 905 870 iaciat
927 814 987 869 aut
1010 825 1077 868 non
1096 805 1217 871 iaciat:
1239 807 1339 884 velut,

191 912 218 974 si
240 913 314 994 quis
338 912 384 975 ita
410 910 596 992 scripserit:
620 907 733 972 ‘heres
760 929 853 972 meus
877 909 903 971 si
927 907 1029 972 filiam
1053 929 1148 972 suam
1170 910 1204 972 in
1228 910 1340 974 matri-

192 1017 339 1078 monium
359 1013 451 1078 Titio
474 1009 701 1077 collocaverit'
726 1009 792 1098 (vel
818 1033 862 1076 ex
889 1013 1018 1076 diverso
1046 1014 1092 1076 ‘si
1115 1033 1181 1076 non
1200 1012 1340 1078 colloca·

190 1115 305 1204 verit),’
321 1120 422 1182 ‘dato
445 1119 562 1182 decem
584 1137 701 1182 aureos
723 1113 821 1196 Seio,’
839 1126 898 1180 aut
920 1117 946 1180 si
969 1117 1016 1182 ita
1038 1117 1202 1200 scripserit
1225 1117 1341 1182 ‘heres

191 1242 285 1286 meus
306 1221 334 1285 si
352 1242 483 1286 servum
500 1219 653 1286 Stichum
674 1216 885 1284 alienaverit'
901 1217 967 1305 (vel
990 1242 1035 1284 ex
1054 1221 1182 1285 diverso
1205 1221 1250 1285 ‘si
1273 1241 1340 1284 non

190 1321 413 1410 alienaverit),’
436 1323 548 1389 ‘Titio
571 1325 687 1388 decem
710 1343 828 1386 aureos
849 1321 948 1388 dato.'
992 1333 1026 1388 et
1049 1324 1082 1386 in
1105 1333 1235 1388 tantum
1258 1323 1340 1408 haec

191 1429 303 1512 regula
318 1429 564 1504 observabatur,
580 1439 617 1492 ut
632 1447 792 1511 perquam
807 1426 956 1509 pluribus
971 1428 1203 1511 principalibus
1219 1430 1340 1493 consti·

190 1533 372 1598 tutionibus
393 1532 594 1616 significetur
612 1553 672 1595 nec
691 1533 871 1614 principem
892 1532 1026 1614 quidem
1047 1552 1232 1614 agnoscere,
1248 1535 1338 1616 quod

190 1637 219 1699 ei
236 1658 363 1720 poenae
379 1637 513 1700 nomine
532 1636 679 1719 legatum
695 1637 748 1699 sit.
793 1655 853 1699 nec
875 1656 919 1699 ex
944 1635 1057 1700 militis
1080 1637 1216 1728 quidem
1238 1646 1339 1701 testa·

191 1749 304 1804 mento
320 1739 399 1805 talia
414 1739 525 1821 legata
539 1739 706 1814 valebant,
722 1738 873 1821 quamvis
893 1738 977 1802 aliae
992 1738 1134 1803 militum
1150 1739 1338 1806 voluntates

190 1843 222 1906 in
245 1843 436 1908 ordinandis
454 1843 662 1908 testamentis
679 1841 777 1906 valde
794 1842 1020 1907 observantur.
1064 1843 1143 1924 quin
1160 1841 1260 1906 etiam
1276 1862 1337 1906 nec

189 1946 377 2010 libertatern
403 1966 532 2028 poenae
554 1945 686 2008 nomine
709 1945 780 2008 dari
803 1965 900 2027 posse
924 1945 1087 2027 placebat.
1131 1965 1171 2008 eo
1197 1943 1338 2026 amplius

190 2070 250 2114 nec
272 2051 429 2114 heredem
450 2069 578 2132 poenae
593 2049 726 2113 nomine
741 2049 826 2112 adici
841 2069 938 2130 posse
954 2047 1096 2113 Sabinus
1113 2049 1337 2124 existimabat,

188 2152 290 2218 veluti
313 2153 436 2236 siquis
459 2154 505 2216 ita
523 2154 633 2234 dicat:
658 2151 784 2216 ‘Titius
806 2151 902 2216 heres
928 2163 1022 2216 esto:
1053 2153 1080 2215 si
1103 2151 1212 2216 Titius
1235 2151 1337 2216 filiam

188 2277 283 2320 suam
307 2256 386 2322 Seio
404 2257 436 2320 in
461 2256 707 2321 matrimonium
730 2255 947 2335 collocaverit,
971 2255 1068 2320 Seius
1089 2277 1223 2339 quoque
1243 2255 1338 2320 heres

188 2369 260 2424 esto
272 2360 295 2422 :’
310 2359 390 2422 nihil
406 2359 492 2424 enim
510 2361 673 2438 intererat,
683 2381 749 2443 qua
761 2360 887 2424 ratione
899 2359 1007 2423 Titius
1018 2370 1214 2437 coerceatur,
1227 2369 1337 2423 utrum

188 2462 289 2545 legati
305 2463 439 2527 datione
457 2483 499 2526 an
518 2462 688 2527 coheredis
709 2463 903 2528 adiectione.
948 2473 983 2526 at
999 2463 1187 2526 huiusmodi
1203 2483 1339 2546 scrupu-

187 2566 301 2632 lositas
324 2569 419 2630 nobis
442 2589 507 2631 non
531 2567 655 2651 placuit
678 2577 711 2632 et
732 2568 931 2651 generaliter
946 2589 985 2632 ea
1000 2589 1085 2651 quae
1102 2567 1336 2651 relinquuntur,

187 2670 264 2734 licet
286 2691 414 2753 poenae
437 2671 570 2734 nomine
591 2671 711 2735 suerint
734 2671 848 2735 relicta
868 2671 921 2734 vel
943 2673 1102 2754 adempta
1124 2671 1177 2735 vel
1200 2673 1232 2734 in
1254 2670 1337 2738 alios

132 2779 136 2784 '
186 2772 356 2849 translata,
380 2773 460 2836 nihil
485 2775 608 2838 distare
634 2794 654 2838 a
679 2776 796 2838 ceteris
821 2774 941 2858 legatis
969 2775 1200 2840 constituimus
1227 2775 1279 2838 vel
1303 2775 1336 2837 in

186 2876 297 2940 dando
311 2876 364 2940 vel
380 2878 412 2939 in
428 2878 608 2942 adimendo
622 2869 675 2941 vel
691 2879 724 2941 in
740 2877 991 2942 transferendo:
1014 2879 1164 2960 exceptis
1179 2875 1231 2941 his
1245 2878 1337 2942 vide·

185 2979 272 3056 licet,
297 3001 383 3063 quae
409 2980 624 3064 impossibilia
649 2991 728 3046 sunt
750 2982 802 3045 vel
825 2981 954 3066 legibus
977 2983 1152 3046 interdicta
1174 2991 1232 3045 aut
1254 2980 1336 3046 alias

185 3084 363 3166 probrosa:
396 3085 585 3150 huiusmodi
618 3087 705 3150 enirn
735 3067 933 3152 testatorum
964 3087 1196 3176 dispositiones
1227 3085 1337 3150 valere

185 3198 275 3252 secta
297 3199 485 3271 temponrm
509 3211 657 3254 meorum
682 3211 748 3254 non
770 3192 903 3273 patitur.

185 3445 269 3513 valid‚
284 3446 334 3500 but
353 3461 407 3499 one
427 3443 507 3499 ‘cum
526 3445 609 3498 heres
629 3460 710 3499 meus
730 3452 858 3498 mortuus
880 3443 948 3500 erit’
969 3459 1001 3498 or
1020 3444 1128 3514 ‘pridie
1148 3461 1234 3516 quam
1252 3446 1335 3502 heres

184 3545 265 3584 meus
282 3527 431 3582 morietur’
444 3543 500 3580 was
521 3525 607 3580 void:
627 3543 645 3580 a
660 3524 834 3593 distinction,
853 3527 890 3581 he
912 3526 995 3594 adds,
1016 3526 1112 3597 ‘quod
1132 3543 1189 3582 non
1210 3528 1335 3597 pretiosa

184 3611 293 3666 ratione
312 3619 458 3680 receptum
477 3607 604 3664 videtur!
641 3609 703 3664 The
716 3609 827 3679 ground
841 3609 874 3663 ol
885 3609 934 3664 the
948 3611 1007 3666 rule
1020 3627 1078 3664 was
1097 3610 1150 3665 ‘ne
1166 3611 1203 3666 ab
1221 3611 1335 3665 heredis

184 3694 289 3750 herede
306 3693 393 3763 legari
408 3691 546 3761 videatur,
558 3691 635 3763 quod
655 3691 723 3747 iuris
740 3691 831 3747 civilis
847 3691 919 3748 ratio
938 3709 995 3748 non
1013 3692 1134 3763 patitnr’
1149 3692 1264 3763 Ulpian,
1276 3710 1334 3764 reg.

185 3791 226 3844 24
244 3777 284 3845 16,
297 3776 331 3830 cs.
346 3777 424 3831 Paul
437 3785 509 3831 sent.
522 3792 576 3830 rec.
591 3789 616 3843 3.
629 3775 654 3830 6.
671 3788 685 3845 5
707 3775 799 3830 which
813 3776 891 3831 itseli
906 3793 964 3831 was
980 3777 1048 3846 only
1060 3794 1096 3831 an
1114 3775 1289 3847 application
1306 3777 1338 3831 oi

183 3862 232 3916 the
245 3863 337 3931 larger
346 3859 482 3931 principle
496 3859 658 3930 ‘inelegans
671 3859 771 3928 visum,
782 3877 817 3915 ex
829 3860 942 3916 heredis
955 3877 1078 3931 persona
1090 3859 1215 3931 incipere
1227 3859 1334 3929 obliga·

183 3944 305 4000 tionem'
318 3944 408 4000 Gaius
421 3943 457 3998 iii
475 3959 544 3998 roo:
564 3961 612 4000 see
625 3961 663 3998 on
677 3943 728 3998 Blc
743 3943 781 3998 iii.
795 3959 832 4014 19
847 3958 878 4012 13
892 3943 940 4000 inf.
977 3946 1004 3999 A
1017 3943 1266 4000 fideicommissum
1276 3961 1334 4000 was

183 4028 259 4083 valid
272 4027 301 4082 in
314 4045 371 4098 any
383 4027 415 4082 ol
424 4029 472 4082 the
485 4029 566 4083 three
578 4030 667 4082 forms
679 4027 763 4097 given
776 4027 876 4097 above,
886 4027 974 4083 Gaius
985 4027 1013 4082 ii.
1023 4041 1084 4098 277,
1099 4027 1213 4099 Ulpian,
1223 4045 1280 4097 reg.
1290 4041 1332 4094 24

186 4111 226 4166 16.
257 4111 421 4182 Justinian’s
433 4121 611 4168 enactments
624 4129 661 4166 on
675 4112 723 4166 the
736 4111 846 4181 subject
858 4128 906 4167 are
920 4111 948 4166 in
963 4113 1033 4167 Cod
1042 4127 1120 4180 411.
1133 4127 1144 4166 1
1159 4131 1166 4179 ς
1185 4113 1209 4167 8.
1220 4113 1315 4181 38.11.

219 4192 296 4265 §8st
316 4196 402 4251 Some
411 4194 585 4250 conditional
594 4193 717 4264 legacies
724 4211 773 4249 are
783 4194 900 4250 difficult
909 4205 939 4250 to
948 4195 1119 4266 distinguisb
1128 4195 1200 4250 from
1210 4195 1332 4265 legacies

185 4295 296 4348 poenae
308 4279 432 4346 nomine,
442 4279 492 4334 viz.
504 4281 587 4334 those
597 4279 626 4333 in
637 4279 728 4334 which
738 4279 787 4334 the
797 4279 944 4334 lullilrnent
954 4279 987 4334 ol
993 4281 1041 4336 the
1051 4279 1195 4335 condition
1204 4279 1332 4350 depende

182 4379 220 4416 on
233 4363 282 4418 the
294 4363 404 4432 legatee
416 4363 538 4418 himself.
575 4363 678 4432 These,
691 4363 829 4432 however,
843 4379 915 4418 were
932 4374 981 4418 not
994 4363 1166 4434 necessarily
1177 4363 1288 4419 treated
1299 4379 1331 4419 as

183 4446 266 4514 penal
277 4445 367 4500 under
376 4447 424 4501 the
434 4447 483 4501 old
492 4447 544 4500 lav
554 4465 561 4502 :
573 4447 621 4502 the
629 4455 685 4502 test
694 4463 751 4501 was
758 4447 808 4502 the
815 4445 954 4502 intention
962 4447 1047 4502 olthe
1054 4457 1173 4502 testator
1181 4447 1201 4518 (ι
1209 4463 1331 4518 poenam

181 4547 200 4586 a
212 4531 379 4588 condicione
392 4534 522 4589 voluntas
535 4531 679 4589 testatoris
696 4543 818 4604 separat,
830 4543 859 4590 et
877 4549 914 4590 an
933 4549 1034 4604 poena,
1046 4549 1083 4590 an
1098 4533 1229 4590 condicio
1244 4533 1280 4590 sit
1297 4552 1330 4590 ex
