<?xml version="1.0" encoding="UTF-8"?>
<!DOCTYPE html PUBLIC "-//W3C//DTD XHTML 1.0 Transitional//EN"
    "http://www.w3.org/TR/xhtml1/DTD/xhtml1-transitional.dtd">
<html xmlns="http://www.w3.org/1999/xhtml" xml:lang="en" lang="en">
 <head>
  <title>
</title>
<meta http-equiv="Content-Type" content="text/html;charset=utf-8" />
  <meta name='ocr-system' content='tesseract 3.04.00' />
  <meta name='ocr-capabilities' content='ocr_page ocr_carea ocr_par ocr_line ocrx_word'/>
</head>
<body>
  <div class='ocr_page' id='page_1' title='image "./imperatorisiust02goog_0302.png"; bbox 0 0 3274 5152; ppageno 0'>
   <div class='ocr_carea' id='block_1_1' title="bbox 174 409 1322 492">
    <p class='ocr_par' dir='ltr' id='par_1_1' title="bbox 174 409 1322 492">
     <span class='ocr_line' id='line_1_1' title="bbox 174 409 1322 492; baseline -0.003 -17"><span class='ocrx_word' id='word_1_1' title='bbox 174 427 224 475; x_wconf 86' lang='lat' dir='ltr'><strong>Tir.</strong></span> <span class='ocrx_word' id='word_1_2' title='bbox 238 418 290 484; x_wconf 79' lang='lat' dir='ltr'><strong>ro]</strong></span> <span class='ocrx_word' id='word_1_3' title='bbox 607 416 668 470; x_wconf 87' lang='lat' dir='ltr'><strong>DE</strong></span> <span class='ocrx_word' id='word_1_4' title='bbox 688 415 833 471; x_wconf 81' lang='lat' dir='ltr'><em>LEGAT</em></span> <span class='ocrx_word' id='word_1_5' title='bbox 831 416 880 471; x_wconf 87' lang='lat' dir='ltr'><strong>IS.</strong></span> <span class='ocrx_word' id='word_1_6' title='bbox 1259 409 1322 492; x_wconf 79' lang='lat'><strong>289</strong></span> 
     </span>
    </p>
   </div>
   <div class='ocr_carea' id='block_1_2' title="bbox 174 577 1376 2524">
    <p class='ocr_par' dir='ltr' id='par_1_2' title="bbox 174 577 1369 1388">
     <span class='ocr_line' id='line_1_2' title="bbox 174 577 1323 663; baseline 0 -18"><span class='ocrx_word' id='word_1_7' title='bbox 174 581 304 646; x_wconf 91' lang='lat' dir='ltr'><strong>tutione</strong></span> <span class='ocrx_word' id='word_1_8' title='bbox 325 579 478 644; x_wconf 89' lang='lat' dir='ltr'><strong>additum</strong></span> <span class='ocrx_word' id='word_1_9' title='bbox 501 588 560 655; x_wconf 77' lang='lat' dir='ltr'><strong>est,</strong></span> <span class='ocrx_word' id='word_1_10' title='bbox 577 587 623 655; x_wconf 90' lang='lat' dir='ltr'><strong>ut,</strong></span> <span class='ocrx_word' id='word_1_11' title='bbox 639 579 707 642; x_wconf 87' lang='lat' dir='ltr'><strong>sive</strong></span> <span class='ocrx_word' id='word_1_12' title='bbox 730 577 839 660; x_wconf 90' lang='lat' dir='ltr'><strong>plures</strong></span> <span class='ocrx_word' id='word_1_13' title='bbox 862 577 1012 660; x_wconf 83' lang='lat' dir='ltr'><strong>legatarii</strong></span> <span class='ocrx_word' id='word_1_14' title='bbox 1032 578 1187 654; x_wconf 84' lang='lat' dir='ltr'><strong>existant,</strong></span> <span class='ocrx_word' id='word_1_15' title='bbox 1204 582 1323 663; x_wconf 90' lang='lat' dir='ltr'><strong>quibus</strong></span> 
     </span>
     <span class='ocr_line' id='line_1_3' title="bbox 175 682 1369 769; baseline 0 -21"><span class='ocrx_word' id='word_1_16' title='bbox 175 686 269 769; x_wconf 92' lang='lat' dir='ltr'><strong>optio</strong></span> <span class='ocrx_word' id='word_1_17' title='bbox 284 683 398 749; x_wconf 91' lang='lat' dir='ltr'><strong>relicta</strong></span> <span class='ocrx_word' id='word_1_18' title='bbox 412 694 471 762; x_wconf 81' lang='lat' dir='ltr'><strong>est,</strong></span> <span class='ocrx_word' id='word_1_19' title='bbox 488 693 521 748; x_wconf 94' lang='lat' dir='ltr'><strong>et</strong></span> <span class='ocrx_word' id='word_1_20' title='bbox 541 683 736 747; x_wconf 88' lang='lat' dir='ltr'>dissentiant</span> <span class='ocrx_word' id='word_1_21' title='bbox 757 682 790 744; x_wconf 96' lang='lat' dir='ltr'><strong>in</strong></span> <span class='ocrx_word' id='word_1_22' title='bbox 809 702 945 764; x_wconf 90' lang='lat' dir='ltr'><strong>corpore</strong></span> <span class='ocrx_word' id='word_1_23' title='bbox 964 683 1128 766; x_wconf 88' lang='lat' dir='ltr'><strong>eligendo,</strong></span> <span class='ocrx_word' id='word_1_24' title='bbox 1144 683 1212 748; x_wconf 92' lang='lat' dir='ltr'><strong>sive</strong></span> <span class='ocrx_word' id='word_1_25' title='bbox 1228 687 1324 748; x_wconf 90' lang='lat' dir='ltr'><strong>unius</strong></span> <span class='ocrx_word' id='word_1_26' title='bbox 1367 695 1369 700; x_wconf 85' lang='lat'>&#39;</span> 
     </span>
     <span class='ocr_line' id='line_1_4' title="bbox 175 785 1324 872; baseline -0.001 -20"><span class='ocrx_word' id='word_1_27' title='bbox 175 789 324 872; x_wconf 87' lang='lat' dir='ltr'><strong>legatarii</strong></span> <span class='ocrx_word' id='word_1_28' title='bbox 339 786 449 870; x_wconf 90' lang='lat' dir='ltr'><strong>plures</strong></span> <span class='ocrx_word' id='word_1_29' title='bbox 464 785 612 862; x_wconf 91' lang='lat' dir='ltr'><strong>heredes,</strong></span> <span class='ocrx_word' id='word_1_30' title='bbox 629 794 662 850; x_wconf 90' lang='lat' dir='ltr'><strong>et</strong></span> <span class='ocrx_word' id='word_1_31' title='bbox 677 785 763 849; x_wconf 91' lang='lat' dir='ltr'><strong>inter</strong></span> <span class='ocrx_word' id='word_1_32' title='bbox 777 805 813 848; x_wconf 90' lang='lat' dir='ltr'><strong>se</strong></span> <span class='ocrx_word' id='word_1_33' title='bbox 828 786 913 849; x_wconf 88' lang='lat' dir='ltr'><strong>circa</strong></span> <span class='ocrx_word' id='word_1_34' title='bbox 928 787 1113 868; x_wconf 91' lang='lat' dir='ltr'><strong>optandum</strong></span> <span class='ocrx_word' id='word_1_35' title='bbox 1128 786 1324 852; x_wconf 84' lang='lat' dir='ltr'><strong>dissentiant</strong></span> 
     </span>
     <span class='ocr_line' id='line_1_5' title="bbox 176 888 1324 976; baseline -0.002 -20"><span class='ocrx_word' id='word_1_36' title='bbox 176 893 242 958; x_wconf 91' lang='lat' dir='ltr'><strong>alio</strong></span> <span class='ocrx_word' id='word_1_37' title='bbox 264 893 353 955; x_wconf 92' lang='lat' dir='ltr'><strong>aliud</strong></span> <span class='ocrx_word' id='word_1_38' title='bbox 377 911 494 972; x_wconf 91' lang='lat' dir='ltr'><strong>corpus</strong></span> <span class='ocrx_word' id='word_1_39' title='bbox 517 890 637 972; x_wconf 86' lang='lat' dir='ltr'><strong>eligere</strong></span> <span class='ocrx_word' id='word_1_40' title='bbox 664 889 826 972; x_wconf 90' lang='lat' dir='ltr'><strong>cupiente,</strong></span> <span class='ocrx_word' id='word_1_41' title='bbox 849 909 890 952; x_wconf 95' lang='lat' dir='ltr'><strong>ne</strong></span> <span class='ocrx_word' id='word_1_42' title='bbox 913 898 1027 971; x_wconf 91' lang='lat' dir='ltr'><strong>pereat</strong></span> <span class='ocrx_word' id='word_1_43' title='bbox 1051 890 1197 972; x_wconf 83' lang='lat' dir='ltr'><strong>legatum</strong></span> <span class='ocrx_word' id='word_1_44' title='bbox 1219 888 1324 976; x_wconf 86' lang='lat' dir='ltr'><strong>(quod</strong></span> 
     </span>
     <span class='ocr_line' id='line_1_6' title="bbox 177 991 1326 1078; baseline -0.002 -20"><span class='ocrx_word' id='word_1_45' title='bbox 177 995 324 1078; x_wconf 88' lang='lat' dir='ltr'><strong>plerique</strong></span> <span class='ocrx_word' id='word_1_46' title='bbox 336 994 548 1076; x_wconf 90' lang='lat' dir='ltr'><strong>prudentium</strong></span> <span class='ocrx_word' id='word_1_47' title='bbox 564 1001 678 1058; x_wconf 86' lang='lat' dir='ltr'><strong>contra</strong></span> <span class='ocrx_word' id='word_1_48' title='bbox 692 991 959 1056; x_wconf 85' lang='lat' dir='ltr'><strong>benevolentiam</strong></span> <span class='ocrx_word' id='word_1_49' title='bbox 974 991 1248 1078; x_wconf 88' lang='lat' dir='ltr'><strong>introducebant),</strong></span> <span class='ocrx_word' id='word_1_50' title='bbox 1261 994 1326 1057; x_wconf 88' lang='lat' dir='ltr'><strong>for·</strong></span> 
     </span>
     <span class='ocr_line' id='line_1_7' title="bbox 177 1096 1325 1180; baseline -0.002 -17"><span class='ocrx_word' id='word_1_51' title='bbox 177 1109 293 1164; x_wconf 91' lang='lat' dir='ltr'><strong>tunam</strong></span> <span class='ocrx_word' id='word_1_52' title='bbox 309 1119 380 1162; x_wconf 90' lang='lat' dir='ltr'><strong>esse</strong></span> <span class='ocrx_word' id='word_1_53' title='bbox 395 1098 492 1160; x_wconf 92' lang='lat' dir='ltr'><strong>huius</strong></span> <span class='ocrx_word' id='word_1_54' title='bbox 505 1097 651 1180; x_wconf 91' lang='lat' dir='ltr'><strong>optionis</strong></span> <span class='ocrx_word' id='word_1_55' title='bbox 669 1097 811 1160; x_wconf 91' lang='lat' dir='ltr'><strong>iudicem</strong></span> <span class='ocrx_word' id='word_1_56' title='bbox 832 1103 866 1159; x_wconf 89' lang='lat' dir='ltr'><strong>et</strong></span> <span class='ocrx_word' id='word_1_57' title='bbox 886 1105 973 1160; x_wconf 89' lang='lat' dir='ltr'><strong>sorte</strong></span> <span class='ocrx_word' id='word_1_58' title='bbox 994 1117 1066 1160; x_wconf 89' lang='lat' dir='ltr'><strong>esse</strong></span> <span class='ocrx_word' id='word_1_59' title='bbox 1086 1096 1149 1161; x_wconf 92' lang='lat' dir='ltr'><strong>hoc</strong></span> <span class='ocrx_word' id='word_1_60' title='bbox 1170 1098 1325 1161; x_wconf 90' lang='lat' dir='ltr'><strong>dirimen-</strong></span> 
     </span>
     <span class='ocr_line' id='line_1_8' title="bbox 177 1199 1327 1284; baseline 0.005 -18"><span class='ocrx_word' id='word_1_61' title='bbox 177 1203 267 1280; x_wconf 89' lang='lat' dir='ltr'><strong>dum,</strong></span> <span class='ocrx_word' id='word_1_62' title='bbox 291 1211 336 1278; x_wconf 92' lang='lat' dir='ltr'><strong>ut,</strong></span> <span class='ocrx_word' id='word_1_63' title='bbox 357 1202 402 1264; x_wconf 92' lang='lat' dir='ltr'><strong>ad</strong></span> <span class='ocrx_word' id='word_1_64' title='bbox 424 1221 524 1284; x_wconf 92' lang='lat' dir='ltr'><strong>quem</strong></span> <span class='ocrx_word' id='word_1_65' title='bbox 547 1221 617 1265; x_wconf 94' lang='lat' dir='ltr'><strong>sors</strong></span> <span class='ocrx_word' id='word_1_66' title='bbox 635 1202 814 1283; x_wconf 88' lang='lat' dir='ltr'><strong>perveniat,</strong></span> <span class='ocrx_word' id='word_1_67' title='bbox 837 1199 923 1264; x_wconf 93' lang='lat' dir='ltr'><strong>illius</strong></span> <span class='ocrx_word' id='word_1_68' title='bbox 945 1201 1111 1265; x_wconf 88' lang='lat' dir='ltr'><strong>sententia</strong></span> <span class='ocrx_word' id='word_1_69' title='bbox 1134 1202 1168 1264; x_wconf 93' lang='lat' dir='ltr'><strong>in</strong></span> <span class='ocrx_word' id='word_1_70' title='bbox 1191 1203 1327 1284; x_wconf 87' lang='lat' dir='ltr'><strong>optione</strong></span> 
     </span>
     <span class='ocr_line' id='line_1_9' title="bbox 178 1305 364 1388; baseline 0.005 -20"><span class='ocrx_word' id='word_1_71' title='bbox 178 1305 364 1388; x_wconf 89' lang='lat' dir='ltr'><strong>praecellat</strong></span> 
     </span>
    </p>

    <p class='ocr_par' dir='ltr' id='par_1_3' title="bbox 179 1404 1376 2524">
     <span class='ocr_line' id='line_1_10' title="bbox 222 1404 1375 1490; baseline -0.003 -18"><span class='ocrx_word' id='word_1_72' title='bbox 222 1407 343 1490; x_wconf 85' lang='lat' dir='ltr'><strong>Legari</strong></span> <span class='ocrx_word' id='word_1_73' title='bbox 357 1417 469 1472; x_wconf 91' lang='lat' dir='ltr'><strong>autem</strong></span> <span class='ocrx_word' id='word_1_74' title='bbox 485 1405 549 1469; x_wconf 91' lang='lat' dir='ltr'><strong>illis</strong></span> <span class='ocrx_word' id='word_1_75' title='bbox 563 1404 641 1469; x_wconf 91' lang='lat' dir='ltr'><strong>solis</strong></span> <span class='ocrx_word' id='word_1_76' title='bbox 656 1415 776 1488; x_wconf 88' lang='lat' dir='ltr'><strong>potest,</strong></span> <span class='ocrx_word' id='word_1_77' title='bbox 791 1425 867 1469; x_wconf 91' lang='lat' dir='ltr'><strong>curn</strong></span> <span class='ocrx_word' id='word_1_78' title='bbox 883 1405 1002 1486; x_wconf 89' lang='lat' dir='ltr'><strong>quibus</strong></span> <span class='ocrx_word' id='word_1_79' title='bbox 1020 1408 1211 1471; x_wconf 85' lang='lat' dir='ltr'><strong>testamenti</strong></span> <span class='ocrx_word' id='word_1_80' title='bbox 1226 1407 1326 1471; x_wconf 77' lang='lat' dir='ltr'><strong>factio</strong></span> <span class='ocrx_word' id='word_1_81' title='bbox 1340 1414 1375 1468; x_wconf 81' lang='lat'><strong>‘24</strong></span> 
     </span>
     <span class='ocr_line' id='line_1_11' title="bbox 179 1506 1376 1592; baseline -0.003 -16"><span class='ocrx_word' id='word_1_82' title='bbox 179 1520 239 1576; x_wconf 88' lang='lat' dir='ltr'><strong>est.</strong></span> <span class='ocrx_word' id='word_1_83' title='bbox 286 1510 423 1574; x_wconf 87' lang='lat' dir='ltr'><strong>Incertis</strong></span> <span class='ocrx_word' id='word_1_84' title='bbox 437 1530 515 1572; x_wconf 90' lang='lat' dir='ltr'><strong>vero</strong></span> <span class='ocrx_word' id='word_1_85' title='bbox 531 1510 680 1592; x_wconf 89' lang='lat' dir='ltr'><strong>personis</strong></span> <span class='ocrx_word' id='word_1_86' title='bbox 695 1527 804 1590; x_wconf 91' lang='lat' dir='ltr'><strong>neque</strong></span> <span class='ocrx_word' id='word_1_87' title='bbox 818 1506 930 1590; x_wconf 88' lang='lat' dir='ltr'><strong>legata</strong></span> <span class='ocrx_word' id='word_1_88' title='bbox 948 1529 1057 1590; x_wconf 90' lang='lat' dir='ltr'><strong>neque</strong></span> <span class='ocrx_word' id='word_1_89' title='bbox 1072 1509 1327 1574; x_wconf 89' lang='lat' dir='ltr'><strong>fideicommissa</strong></span> <span class='ocrx_word' id='word_1_90' title='bbox 1341 1518 1376 1572; x_wconf 88' lang='lat'><strong>25</strong></span> 
     </span>
     <span class='ocr_line' id='line_1_12' title="bbox 179 1612 1328 1695; baseline 0 -17"><span class='ocrx_word' id='word_1_91' title='bbox 179 1614 258 1678; x_wconf 94' lang='lat' dir='ltr'><strong>olim</strong></span> <span class='ocrx_word' id='word_1_92' title='bbox 278 1613 415 1695; x_wconf 89' lang='lat' dir='ltr'><strong>relinqui</strong></span> <span class='ocrx_word' id='word_1_93' title='bbox 432 1631 623 1677; x_wconf 91' lang='lat' dir='ltr'><strong>concessum</strong></span> <span class='ocrx_word' id='word_1_94' title='bbox 639 1623 730 1676; x_wconf 88' lang='lat' dir='ltr'><strong>erat:</strong></span> <span class='ocrx_word' id='word_1_95' title='bbox 754 1631 831 1675; x_wconf 92' lang='lat' dir='ltr'><strong>nam</strong></span> <span class='ocrx_word' id='word_1_96' title='bbox 848 1632 908 1676; x_wconf 90' lang='lat' dir='ltr'><strong>nec</strong></span> <span class='ocrx_word' id='word_1_97' title='bbox 924 1612 1018 1676; x_wconf 90' lang='lat' dir='ltr'><strong>miles</strong></span> <span class='ocrx_word' id='word_1_98' title='bbox 1034 1613 1168 1695; x_wconf 90' lang='lat' dir='ltr'><strong>quidem</strong></span> <span class='ocrx_word' id='word_1_99' title='bbox 1185 1615 1328 1680; x_wconf 88' lang='lat' dir='ltr'><strong>incertae</strong></span> 
     </span>
     <span class='ocr_line' id='line_1_13' title="bbox 179 1715 1328 1802; baseline 0.004 -21"><span class='ocrx_word' id='word_1_100' title='bbox 179 1737 338 1802; x_wconf 90' lang='lat' dir='ltr'><strong>personae</strong></span> <span class='ocrx_word' id='word_1_101' title='bbox 367 1727 498 1800; x_wconf 90' lang='lat' dir='ltr'><strong>poterat</strong></span> <span class='ocrx_word' id='word_1_102' title='bbox 527 1715 717 1799; x_wconf 86' lang='lat' dir='ltr'><strong>relinquere,</strong></span> <span class='ocrx_word' id='word_1_103' title='bbox 747 1725 784 1778; x_wconf 95' lang='lat' dir='ltr'><strong>ut</strong></span> <span class='ocrx_word' id='word_1_104' title='bbox 811 1715 905 1779; x_wconf 91' lang='lat' dir='ltr'><strong>divus</strong></span> <span class='ocrx_word' id='word_1_105' title='bbox 934 1715 1126 1781; x_wconf 89' lang='lat' dir='ltr'><strong>Hadrianus</strong></span> <span class='ocrx_word' id='word_1_106' title='bbox 1155 1719 1328 1801; x_wconf 88' lang='lat' dir='ltr'><strong>rescripsit.</strong></span> 
     </span>
     <span class='ocr_line' id='line_1_14' title="bbox 180 1819 1329 1904; baseline -0.001 -19"><span class='ocrx_word' id='word_1_107' title='bbox 180 1823 304 1886; x_wconf 89' lang='lat' dir='ltr'><strong>incerta</strong></span> <span class='ocrx_word' id='word_1_108' title='bbox 341 1833 454 1886; x_wconf 90' lang='lat' dir='ltr'><strong>autem</strong></span> <span class='ocrx_word' id='word_1_109' title='bbox 489 1841 630 1904; x_wconf 90' lang='lat' dir='ltr'><strong>persona</strong></span> <span class='ocrx_word' id='word_1_110' title='bbox 662 1819 844 1893; x_wconf 88' lang='lat' dir='ltr'><strong>videbatur,</strong></span> <span class='ocrx_word' id='word_1_111' title='bbox 879 1840 980 1902; x_wconf 90' lang='lat' dir='ltr'><strong>quarn</strong></span> <span class='ocrx_word' id='word_1_112' title='bbox 1013 1820 1139 1885; x_wconf 85' lang='lat' dir='ltr'><strong>incerta</strong></span> <span class='ocrx_word' id='word_1_113' title='bbox 1173 1823 1329 1904; x_wconf 88' lang='lat' dir='ltr'><strong>opinione</strong></span> 
     </span>
     <span class='ocr_line' id='line_1_15' title="bbox 179 1923 1330 2006; baseline -0.003 -17"><span class='ocrx_word' id='word_1_114' title='bbox 179 1927 291 1990; x_wconf 91' lang='lat' dir='ltr'><strong>animo</strong></span> <span class='ocrx_word' id='word_1_115' title='bbox 311 1945 371 1988; x_wconf 91' lang='lat' dir='ltr'><strong>suo</strong></span> <span class='ocrx_word' id='word_1_116' title='bbox 392 1933 531 1988; x_wconf 88' lang='lat' dir='ltr'><strong>testator</strong></span> <span class='ocrx_word' id='word_1_117' title='bbox 553 1923 744 1998; x_wconf 87' lang='lat' dir='ltr'><strong>subiciebat,</strong></span> <span class='ocrx_word' id='word_1_118' title='bbox 760 1923 862 1986; x_wconf 91' lang='lat' dir='ltr'><strong>veluti</strong></span> <span class='ocrx_word' id='word_1_119' title='bbox 885 1923 912 1986; x_wconf 92' lang='lat' dir='ltr'><strong>si</strong></span> <span class='ocrx_word' id='word_1_120' title='bbox 931 1924 1005 2005; x_wconf 92' lang='lat' dir='ltr'><strong>quis</strong></span> <span class='ocrx_word' id='word_1_121' title='bbox 1026 1925 1073 1990; x_wconf 89' lang='lat' dir='ltr'><strong>ita</strong></span> <span class='ocrx_word' id='word_1_122' title='bbox 1091 1925 1202 1988; x_wconf 90' lang='lat' dir='ltr'><strong>dicat:</strong></span> <span class='ocrx_word' id='word_1_123' title='bbox 1237 1926 1330 2006; x_wconf 88' lang='lat' dir='ltr'><strong>‘qui-</strong></span> 
     </span>
     <span class='ocr_line' id='line_1_16' title="bbox 181 2026 1330 2111; baseline -0.003 -18"><span class='ocrx_word' id='word_1_124' title='bbox 181 2047 322 2111; x_wconf 85' lang='lat' dir='ltr'><strong>cumque</strong></span> <span class='ocrx_word' id='word_1_125' title='bbox 340 2028 407 2092; x_wconf 87' lang='lat' dir='ltr'><strong>filio</strong></span> <span class='ocrx_word' id='word_1_126' title='bbox 426 2047 500 2091; x_wconf 92' lang='lat' dir='ltr'><strong>meo</strong></span> <span class='ocrx_word' id='word_1_127' title='bbox 516 2029 548 2090; x_wconf 93' lang='lat' dir='ltr'><strong>in</strong></span> <span class='ocrx_word' id='word_1_128' title='bbox 565 2027 811 2090; x_wconf 90' lang='lat' dir='ltr'><strong>matrimonium</strong></span> <span class='ocrx_word' id='word_1_129' title='bbox 830 2026 933 2090; x_wconf 88' lang='lat' dir='ltr'><strong>filiam</strong></span> <span class='ocrx_word' id='word_1_130' title='bbox 953 2047 1047 2090; x_wconf 91' lang='lat' dir='ltr'><strong>suam</strong></span> <span class='ocrx_word' id='word_1_131' title='bbox 1068 2028 1285 2105; x_wconf 88' lang='lat' dir='ltr'><strong>collocaverit,</strong></span> <span class='ocrx_word' id='word_1_132' title='bbox 1300 2030 1330 2091; x_wconf 89' lang='lat' dir='ltr'><strong>ei</strong></span> 
     </span>
     <span class='ocr_line' id='line_1_17' title="bbox 180 2127 1330 2215; baseline -0.002 -19"><span class='ocrx_word' id='word_1_133' title='bbox 180 2133 274 2196; x_wconf 90' lang='lat' dir='ltr'><strong>heres</strong></span> <span class='ocrx_word' id='word_1_134' title='bbox 290 2153 383 2196; x_wconf 89' lang='lat' dir='ltr'><strong>meus</strong></span> <span class='ocrx_word' id='word_1_135' title='bbox 400 2131 492 2194; x_wconf 92' lang='lat' dir='ltr'><strong>illurn</strong></span> <span class='ocrx_word' id='word_1_136' title='bbox 512 2129 651 2194; x_wconf 79' lang='lat' dir='ltr'><strong>fundum</strong></span> <span class='ocrx_word' id='word_1_137' title='bbox 672 2131 750 2194; x_wconf 91' lang='lat' dir='ltr'><strong>dato</strong></span> <span class='ocrx_word' id='word_1_138' title='bbox 761 2127 784 2191; x_wconf 92' lang='lat'><strong>:’</strong></span> <span class='ocrx_word' id='word_1_139' title='bbox 811 2129 892 2194; x_wconf 91' lang='lat' dir='ltr'><strong>illud</strong></span> <span class='ocrx_word' id='word_1_140' title='bbox 909 2151 1049 2213; x_wconf 92' lang='lat' dir='ltr'><strong>quoque,</strong></span> <span class='ocrx_word' id='word_1_141' title='bbox 1065 2133 1154 2215; x_wconf 91' lang='lat' dir='ltr'><strong>quod</strong></span> <span class='ocrx_word' id='word_1_142' title='bbox 1169 2131 1220 2195; x_wconf 94' lang='lat' dir='ltr'><strong>his</strong></span> <span class='ocrx_word' id='word_1_143' title='bbox 1235 2132 1330 2196; x_wconf 86' lang='lat' dir='ltr'><strong>relin-</strong></span> 
     </span>
     <span class='ocr_line' id='line_1_18' title="bbox 181 2233 1330 2318; baseline -0.001 -19"><span class='ocrx_word' id='word_1_144' title='bbox 181 2235 352 2318; x_wconf 88' lang='lat' dir='ltr'><strong>quebatur,</strong></span> <span class='ocrx_word' id='word_1_145' title='bbox 369 2235 424 2316; x_wconf 93' lang='lat' dir='ltr'><strong>qui</strong></span> <span class='ocrx_word' id='word_1_146' title='bbox 447 2243 524 2317; x_wconf 90' lang='lat' dir='ltr'><strong>post</strong></span> <span class='ocrx_word' id='word_1_147' title='bbox 545 2243 782 2298; x_wconf 90' lang='lat' dir='ltr'><strong>testamentum</strong></span> <span class='ocrx_word' id='word_1_148' title='bbox 802 2233 959 2316; x_wconf 91' lang='lat' dir='ltr'><strong>scripturn</strong></span> <span class='ocrx_word' id='word_1_149' title='bbox 982 2236 1078 2316; x_wconf 91' lang='lat' dir='ltr'><strong>primi</strong></span> <span class='ocrx_word' id='word_1_150' title='bbox 1101 2235 1251 2298; x_wconf 91' lang='lat' dir='ltr'><strong>consules</strong></span> <span class='ocrx_word' id='word_1_151' title='bbox 1274 2236 1330 2298; x_wconf 91' lang='lat' dir='ltr'><strong>de-</strong></span> 
     </span>
     <span class='ocr_line' id='line_1_19' title="bbox 182 2336 1331 2422; baseline 0.001 -20"><span class='ocrx_word' id='word_1_152' title='bbox 182 2340 301 2422; x_wconf 82' lang='lat' dir='ltr'><strong>signati</strong></span> <span class='ocrx_word' id='word_1_153' title='bbox 331 2347 434 2416; x_wconf 90' lang='lat' dir='ltr'><strong>erunt,</strong></span> <span class='ocrx_word' id='word_1_154' title='bbox 460 2359 565 2420; x_wconf 92' lang='lat' dir='ltr'><strong>aeque</strong></span> <span class='ocrx_word' id='word_1_155' title='bbox 591 2339 734 2401; x_wconf 86' lang='lat' dir='ltr'><strong>incertae</strong></span> <span class='ocrx_word' id='word_1_156' title='bbox 761 2355 921 2418; x_wconf 89' lang='lat' dir='ltr'><strong>personae</strong></span> <span class='ocrx_word' id='word_1_157' title='bbox 945 2336 1047 2420; x_wconf 86' lang='lat' dir='ltr'><strong>legari</strong></span> <span class='ocrx_word' id='word_1_158' title='bbox 1071 2338 1264 2402; x_wconf 88' lang='lat' dir='ltr'><strong>videbatur:</strong></span> <span class='ocrx_word' id='word_1_159' title='bbox 1297 2348 1331 2404; x_wconf 90' lang='lat' dir='ltr'><strong>et</strong></span> 
     </span>
     <span class='ocr_line' id='line_1_20' title="bbox 182 2440 1332 2524; baseline -0.002 -18"><span class='ocrx_word' id='word_1_160' title='bbox 182 2443 324 2524; x_wconf 88' lang='lat' dir='ltr'><strong>denique</strong></span> <span class='ocrx_word' id='word_1_161' title='bbox 340 2443 463 2506; x_wconf 90' lang='lat' dir='ltr'><strong>multae</strong></span> <span class='ocrx_word' id='word_1_162' title='bbox 478 2442 562 2505; x_wconf 91' lang='lat' dir='ltr'><strong>aliae</strong></span> <span class='ocrx_word' id='word_1_163' title='bbox 576 2441 762 2504; x_wconf 90' lang='lat' dir='ltr'><strong>huiusmodi</strong></span> <span class='ocrx_word' id='word_1_164' title='bbox 779 2440 904 2522; x_wconf 88' lang='lat' dir='ltr'><strong>species</strong></span> <span class='ocrx_word' id='word_1_165' title='bbox 919 2451 1005 2506; x_wconf 87' lang='lat' dir='ltr'><strong>sunt.</strong></span> <span class='ocrx_word' id='word_1_166' title='bbox 1050 2441 1184 2505; x_wconf 91' lang='lat' dir='ltr'><strong>libertas</strong></span> <span class='ocrx_word' id='word_1_167' title='bbox 1199 2462 1332 2524; x_wconf 91' lang='lat' dir='ltr'><strong>quoque</strong></span> 
     </span>
    </p>
   </div>
   <div class='ocr_carea' id='block_1_3' title="bbox 181 2543 1336 3251">
    <p class='ocr_par' dir='ltr' id='par_1_4' title="bbox 181 2543 1336 3251">
     <span class='ocr_line' id='line_1_21' title="bbox 182 2543 1332 2628; baseline -0.001 -18"><span class='ocrx_word' id='word_1_168' title='bbox 182 2567 248 2610; x_wconf 92' lang='lat' dir='ltr'><strong>non</strong></span> <span class='ocrx_word' id='word_1_169' title='bbox 277 2545 450 2611; x_wconf 90' lang='lat' dir='ltr'><strong>videbatur</strong></span> <span class='ocrx_word' id='word_1_170' title='bbox 479 2565 577 2628; x_wconf 89' lang='lat' dir='ltr'><strong>posse</strong></span> <span class='ocrx_word' id='word_1_171' title='bbox 606 2545 749 2609; x_wconf 89' lang='lat' dir='ltr'><strong>incertae</strong></span> <span class='ocrx_word' id='word_1_172' title='bbox 775 2565 935 2626; x_wconf 89' lang='lat' dir='ltr'><strong>personae</strong></span> <span class='ocrx_word' id='word_1_173' title='bbox 965 2543 1045 2620; x_wconf 91' lang='lat' dir='ltr'><strong>dari,</strong></span> <span class='ocrx_word' id='word_1_174' title='bbox 1074 2547 1151 2627; x_wconf 89' lang='lat' dir='ltr'><strong>quia</strong></span> <span class='ocrx_word' id='word_1_175' title='bbox 1178 2545 1332 2628; x_wconf 90' lang='lat' dir='ltr'><strong>placebat</strong></span> 
     </span>
     <span class='ocr_line' id='line_1_22' title="bbox 183 2648 1332 2730; baseline 0.002 -18"><span class='ocrx_word' id='word_1_176' title='bbox 183 2649 378 2714; x_wconf 89' lang='lat' dir='ltr'><strong>nominatim</strong></span> <span class='ocrx_word' id='word_1_177' title='bbox 394 2669 505 2713; x_wconf 90' lang='lat' dir='ltr'><strong>servos</strong></span> <span class='ocrx_word' id='word_1_178' title='bbox 520 2648 656 2712; x_wconf 90' lang='lat' dir='ltr'><strong>liberari.</strong></span> <span class='ocrx_word' id='word_1_179' title='bbox 702 2657 791 2711; x_wconf 91' lang='lat' dir='ltr'><strong>tutor</strong></span> <span class='ocrx_word' id='word_1_180' title='bbox 808 2667 940 2730; x_wconf 91' lang='lat' dir='ltr'><strong>quoque</strong></span> <span class='ocrx_word' id='word_1_181' title='bbox 960 2659 1069 2712; x_wconf 91' lang='lat' dir='ltr'><strong>certus</strong></span> <span class='ocrx_word' id='word_1_182' title='bbox 1090 2649 1160 2712; x_wconf 92' lang='lat' dir='ltr'><strong>dari</strong></span> <span class='ocrx_word' id='word_1_183' title='bbox 1179 2649 1332 2716; x_wconf 87' lang='lat' dir='ltr'><strong>debebat.</strong></span> 
     </span>
     <span class='ocr_line' id='line_1_23' title="bbox 181 2752 1332 2835; baseline -0.001 -19"><span class='ocrx_word' id='word_1_184' title='bbox 181 2755 243 2816; x_wconf 92' lang='lat' dir='ltr'><strong>sub</strong></span> <span class='ocrx_word' id='word_1_185' title='bbox 265 2763 355 2818; x_wconf 86' lang='lat' dir='ltr'><strong>certa</strong></span> <span class='ocrx_word' id='word_1_186' title='bbox 374 2773 452 2818; x_wconf 91' lang='lat' dir='ltr'><strong>vero</strong></span> <span class='ocrx_word' id='word_1_187' title='bbox 475 2752 764 2829; x_wconf 90' lang='lat' dir='ltr'><strong>demonstratione,</strong></span> <span class='ocrx_word' id='word_1_188' title='bbox 787 2753 894 2816; x_wconf 91' lang='lat' dir='ltr'><strong>idest</strong></span> <span class='ocrx_word' id='word_1_189' title='bbox 920 2771 964 2815; x_wconf 86' lang='lat' dir='ltr'><strong>ex</strong></span> <span class='ocrx_word' id='word_1_190' title='bbox 987 2753 1086 2816; x_wconf 90' lang='lat' dir='ltr'><strong>certis</strong></span> <span class='ocrx_word' id='word_1_191' title='bbox 1110 2755 1260 2835; x_wconf 89' lang='lat' dir='ltr'><strong>personis</strong></span> <span class='ocrx_word' id='word_1_192' title='bbox 1284 2754 1332 2815; x_wconf 94' lang='lat' dir='ltr'><strong>in-</strong></span> 
     </span>
     <span class='ocr_line' id='line_1_24' title="bbox 181 2855 1333 2940; baseline -0.003 -18"><span class='ocrx_word' id='word_1_193' title='bbox 181 2869 291 2922; x_wconf 86' lang='lat' dir='ltr'><strong>certae</strong></span> <span class='ocrx_word' id='word_1_194' title='bbox 309 2877 477 2940; x_wconf 88' lang='lat' dir='ltr'><strong>personae,</strong></span> <span class='ocrx_word' id='word_1_195' title='bbox 493 2868 581 2921; x_wconf 88' lang='lat' dir='ltr'><strong>recte</strong></span> <span class='ocrx_word' id='word_1_196' title='bbox 596 2855 776 2938; x_wconf 87' lang='lat' dir='ltr'><strong>legabatur,</strong></span> <span class='ocrx_word' id='word_1_197' title='bbox 790 2856 892 2919; x_wconf 89' lang='lat' dir='ltr'><strong>veluti</strong></span> <span class='ocrx_word' id='word_1_198' title='bbox 912 2861 975 2922; x_wconf 85' lang='lat' dir='ltr'><strong>‘ex</strong></span> <span class='ocrx_word' id='word_1_199' title='bbox 998 2860 1147 2940; x_wconf 85' lang='lat' dir='ltr'><strong>cognatis</strong></span> <span class='ocrx_word' id='word_1_200' title='bbox 1171 2858 1253 2920; x_wconf 89' lang='lat' dir='ltr'><strong>meis</strong></span> <span class='ocrx_word' id='word_1_201' title='bbox 1274 2859 1333 2939; x_wconf 91' lang='lat' dir='ltr'><strong>qui</strong></span> 
     </span>
     <span class='ocr_line' id='line_1_25' title="bbox 184 2959 1334 3043; baseline 0 -21"><span class='ocrx_word' id='word_1_202' title='bbox 184 2980 270 3025; x_wconf 91' lang='lat' dir='ltr'><strong>nunc</strong></span> <span class='ocrx_word' id='word_1_203' title='bbox 284 2971 362 3024; x_wconf 90' lang='lat' dir='ltr'><strong>sunt</strong></span> <span class='ocrx_word' id='word_1_204' title='bbox 381 2962 409 3024; x_wconf 92' lang='lat' dir='ltr'><strong>si</strong></span> <span class='ocrx_word' id='word_1_205' title='bbox 424 2961 498 3043; x_wconf 90' lang='lat' dir='ltr'><strong>quis</strong></span> <span class='ocrx_word' id='word_1_206' title='bbox 513 2959 615 3023; x_wconf 88' lang='lat' dir='ltr'><strong>filiam</strong></span> <span class='ocrx_word' id='word_1_207' title='bbox 635 2979 744 3023; x_wconf 91' lang='lat' dir='ltr'><strong>meam</strong></span> <span class='ocrx_word' id='word_1_208' title='bbox 766 2979 905 3023; x_wconf 88' lang='lat' dir='ltr'><strong>uxorem</strong></span> <span class='ocrx_word' id='word_1_209' title='bbox 922 2960 1065 3036; x_wconf 88' lang='lat' dir='ltr'><strong>duxerit,</strong></span> <span class='ocrx_word' id='word_1_210' title='bbox 1083 2961 1112 3024; x_wconf 92' lang='lat' dir='ltr'><strong>ei</strong></span> <span class='ocrx_word' id='word_1_211' title='bbox 1128 2959 1224 3024; x_wconf 90' lang='lat' dir='ltr'><strong>heres</strong></span> <span class='ocrx_word' id='word_1_212' title='bbox 1240 2980 1334 3023; x_wconf 93' lang='lat' dir='ltr'><strong>meus</strong></span> 
     </span>
     <span class='ocr_line' id='line_1_26' title="bbox 185 3063 1335 3146; baseline 0 -20"><span class='ocrx_word' id='word_1_213' title='bbox 185 3064 275 3128; x_wconf 90' lang='lat' dir='ltr'><strong>illam</strong></span> <span class='ocrx_word' id='word_1_214' title='bbox 291 3085 360 3128; x_wconf 90' lang='lat' dir='ltr'><strong>rem</strong></span> <span class='ocrx_word' id='word_1_215' title='bbox 377 3063 477 3128; x_wconf 89' lang='lat' dir='ltr'><strong>dato.’</strong></span> <span class='ocrx_word' id='word_1_216' title='bbox 533 3064 664 3128; x_wconf 90' lang='lat' dir='ltr'><strong>incertis</strong></span> <span class='ocrx_word' id='word_1_217' title='bbox 679 3073 793 3127; x_wconf 91' lang='lat' dir='ltr'><strong>autem</strong></span> <span class='ocrx_word' id='word_1_218' title='bbox 809 3065 956 3146; x_wconf 91' lang='lat' dir='ltr'><strong>personis</strong></span> <span class='ocrx_word' id='word_1_219' title='bbox 971 3064 1084 3146; x_wconf 86' lang='lat' dir='ltr'><strong>legata</strong></span> <span class='ocrx_word' id='word_1_220' title='bbox 1099 3065 1151 3129; x_wconf 84' lang='lat' dir='ltr'><strong>vel</strong></span> <span class='ocrx_word' id='word_1_221' title='bbox 1167 3065 1335 3128; x_wconf 89' lang='lat' dir='ltr'><strong>fideicom-</strong></span> 
     </span>
     <span class='ocr_line' id='line_1_27' title="bbox 186 3167 1336 3251; baseline 0 -21"><span class='ocrx_word' id='word_1_222' title='bbox 186 3169 288 3232; x_wconf 85' lang='lat' dir='ltr'><strong>missa</strong></span> <span class='ocrx_word' id='word_1_223' title='bbox 310 3168 424 3233; x_wconf 89' lang='lat' dir='ltr'><strong>relicta</strong></span> <span class='ocrx_word' id='word_1_224' title='bbox 451 3179 485 3232; x_wconf 92' lang='lat' dir='ltr'><strong>et</strong></span> <span class='ocrx_word' id='word_1_225' title='bbox 509 3189 568 3250; x_wconf 89' lang='lat' dir='ltr'><strong>per</strong></span> <span class='ocrx_word' id='word_1_226' title='bbox 590 3188 732 3231; x_wconf 91' lang='lat' dir='ltr'><strong>errorem</strong></span> <span class='ocrx_word' id='word_1_227' title='bbox 753 3167 862 3230; x_wconf 89' lang='lat' dir='ltr'><strong>soluta</strong></span> <span class='ocrx_word' id='word_1_228' title='bbox 885 3169 989 3250; x_wconf 91' lang='lat' dir='ltr'><strong>repeti</strong></span> <span class='ocrx_word' id='word_1_229' title='bbox 1016 3189 1082 3232; x_wconf 92' lang='lat' dir='ltr'><strong>non</strong></span> <span class='ocrx_word' id='word_1_230' title='bbox 1109 3189 1206 3251; x_wconf 92' lang='lat' dir='ltr'><strong>posse</strong></span> <span class='ocrx_word' id='word_1_231' title='bbox 1236 3169 1336 3233; x_wconf 89' lang='lat' dir='ltr'><strong>sacris</strong></span> 
     </span>
    </p>
   </div>
   <div class='ocr_carea' id='block_1_4' title="bbox 184 3272 1386 4184">
    <p class='ocr_par' dir='ltr' id='par_1_5' title="bbox 184 3272 1386 4184">
     <span class='ocr_line' id='line_1_28' title="bbox 187 3272 1384 3354; baseline -0.002 -18"><span class='ocrx_word' id='word_1_232' title='bbox 187 3273 476 3337; x_wconf 89' lang='lat' dir='ltr'><strong>constitutionibus</strong></span> <span class='ocrx_word' id='word_1_233' title='bbox 494 3282 627 3336; x_wconf 90' lang='lat' dir='ltr'><strong>cautum</strong></span> <span class='ocrx_word' id='word_1_234' title='bbox 651 3281 730 3335; x_wconf 89' lang='lat' dir='ltr'><strong>erat.</strong></span> <span class='ocrx_word' id='word_1_235' title='bbox 777 3272 935 3334; x_wconf 91' lang='lat' dir='ltr'><strong>Postumo</strong></span> <span class='ocrx_word' id='word_1_236' title='bbox 959 3293 1092 3354; x_wconf 90' lang='lat' dir='ltr'><strong>quoque</strong></span> <span class='ocrx_word' id='word_1_237' title='bbox 1111 3273 1218 3336; x_wconf 91' lang='lat' dir='ltr'><strong>alieno</strong></span> <span class='ocrx_word' id='word_1_238' title='bbox 1238 3273 1335 3336; x_wconf 91' lang='lat' dir='ltr'><strong>inuti·</strong></span> <span class='ocrx_word' id='word_1_239' title='bbox 1349 3273 1384 3328; x_wconf 85' lang='grc'><strong>26</strong></span> 
     </span>
     <span class='ocr_line' id='line_1_29' title="bbox 186 3375 1338 3460; baseline -0.002 -20"><span class='ocrx_word' id='word_1_240' title='bbox 186 3377 261 3441; x_wconf 91' lang='lat' dir='ltr'><strong>liter</strong></span> <span class='ocrx_word' id='word_1_241' title='bbox 282 3377 474 3460; x_wconf 84' lang='lat' dir='ltr'><strong>legabatur:</strong></span> <span class='ocrx_word' id='word_1_242' title='bbox 500 3385 551 3439; x_wconf 90' lang='lat' dir='ltr'><strong>est</strong></span> <span class='ocrx_word' id='word_1_243' title='bbox 572 3385 684 3437; x_wconf 89' lang='lat' dir='ltr'><strong>autem</strong></span> <span class='ocrx_word' id='word_1_244' title='bbox 703 3375 829 3437; x_wconf 88' lang='lat' dir='ltr'><strong>alienus</strong></span> <span class='ocrx_word' id='word_1_245' title='bbox 852 3384 1034 3456; x_wconf 86' lang='lat' dir='ltr'><strong>postumus,</strong></span> <span class='ocrx_word' id='word_1_246' title='bbox 1053 3377 1109 3457; x_wconf 91' lang='lat' dir='ltr'><strong>qui</strong></span> <span class='ocrx_word' id='word_1_247' title='bbox 1132 3386 1229 3440; x_wconf 92' lang='lat' dir='ltr'><strong>natus</strong></span> <span class='ocrx_word' id='word_1_248' title='bbox 1253 3377 1338 3440; x_wconf 91' lang='lat' dir='ltr'><strong>inter</strong></span> 
     </span>
     <span class='ocr_line' id='line_1_30' title="bbox 187 3475 1337 3559; baseline -0.003 -16"><span class='ocrx_word' id='word_1_249' title='bbox 187 3501 264 3544; x_wconf 86' lang='lat' dir='ltr'><strong>suos</strong></span> <span class='ocrx_word' id='word_1_250' title='bbox 289 3478 427 3542; x_wconf 92' lang='lat' dir='ltr'><strong>heredes</strong></span> <span class='ocrx_word' id='word_1_251' title='bbox 453 3477 621 3542; x_wconf 91' lang='lat' dir='ltr'><strong>testatoris</strong></span> <span class='ocrx_word' id='word_1_252' title='bbox 647 3475 774 3538; x_wconf 84' lang='lat' dir='ltr'><strong>iuturus</strong></span> <span class='ocrx_word' id='word_1_253' title='bbox 799 3497 865 3538; x_wconf 92' lang='lat' dir='ltr'><strong>non</strong></span> <span class='ocrx_word' id='word_1_254' title='bbox 892 3485 962 3540; x_wconf 89' lang='lat' dir='ltr'><strong>est:</strong></span> <span class='ocrx_word' id='word_1_255' title='bbox 990 3477 1130 3559; x_wconf 90' lang='lat' dir='ltr'><strong>ideoque</strong></span> <span class='ocrx_word' id='word_1_256' title='bbox 1157 3499 1201 3541; x_wconf 90' lang='lat' dir='ltr'><strong>ex</strong></span> <span class='ocrx_word' id='word_1_257' title='bbox 1224 3499 1337 3541; x_wconf 91' lang='lat' dir='ltr'><strong>eman·</strong></span> 
     </span>
     <span class='ocr_line' id='line_1_31' title="bbox 184 3581 1338 3664; baseline -0.003 -17"><span class='ocrx_word' id='word_1_258' title='bbox 184 3585 295 3664; x_wconf 89' lang='lat' dir='ltr'><strong>cipato</strong></span> <span class='ocrx_word' id='word_1_259' title='bbox 318 3581 385 3644; x_wconf 85' lang='lat' dir='ltr'><strong>filio</strong></span> <span class='ocrx_word' id='word_1_260' title='bbox 412 3589 590 3662; x_wconf 90' lang='lat' dir='ltr'><strong>conceptus</strong></span> <span class='ocrx_word' id='word_1_261' title='bbox 623 3599 727 3662; x_wconf 89' lang='lat' dir='ltr'><strong>nepos</strong></span> <span class='ocrx_word' id='word_1_262' title='bbox 754 3591 934 3644; x_wconf 86' lang='lat' dir='ltr'><strong>extraneus</strong></span> <span class='ocrx_word' id='word_1_263' title='bbox 967 3591 1039 3644; x_wconf 89' lang='lat' dir='ltr'><strong>erat</strong></span> <span class='ocrx_word' id='word_1_264' title='bbox 1066 3591 1240 3662; x_wconf 90' lang='lat' dir='ltr'><strong>postumus</strong></span> <span class='ocrx_word' id='word_1_265' title='bbox 1264 3603 1338 3645; x_wconf 86' lang='lat' dir='ltr'><strong>avo.</strong></span> 
     </span>
     <span class='ocr_line' id='line_1_32' title="bbox 189 3683 1386 3765; baseline -0.003 -15"><span class='ocrx_word' id='word_1_266' title='bbox 189 3685 257 3750; x_wconf 92' lang='lat' dir='ltr'><strong>Sed</strong></span> <span class='ocrx_word' id='word_1_267' title='bbox 273 3705 333 3748; x_wconf 90' lang='lat' dir='ltr'><strong>nec</strong></span> <span class='ocrx_word' id='word_1_268' title='bbox 348 3684 534 3746; x_wconf 88' lang='lat' dir='ltr'><strong>huiusmodi</strong></span> <span class='ocrx_word' id='word_1_269' title='bbox 550 3684 676 3765; x_wconf 89' lang='lat' dir='ltr'><strong>species</strong></span> <span class='ocrx_word' id='word_1_270' title='bbox 692 3685 824 3765; x_wconf 91' lang='lat' dir='ltr'><strong>penitus</strong></span> <span class='ocrx_word' id='word_1_271' title='bbox 843 3693 893 3746; x_wconf 91' lang='lat' dir='ltr'><strong>est</strong></span> <span class='ocrx_word' id='word_1_272' title='bbox 914 3684 984 3746; x_wconf 90' lang='lat' dir='ltr'><strong>sine</strong></span> <span class='ocrx_word' id='word_1_273' title='bbox 1004 3683 1091 3748; x_wconf 92' lang='lat' dir='ltr'><strong>iusta</strong></span> <span class='ocrx_word' id='word_1_274' title='bbox 1107 3685 1337 3748; x_wconf 87' lang='lat' dir='ltr'><strong>emendatione</strong></span> <span class='ocrx_word' id='word_1_275' title='bbox 1351 3699 1386 3753; x_wconf 86' lang='lat'><strong>27</strong></span> 
     </span>
     <span class='ocr_line' id='line_1_33' title="bbox 189 3787 1338 3872; baseline 0 -20"><span class='ocrx_word' id='word_1_276' title='bbox 189 3787 354 3865; x_wconf 89' lang='lat' dir='ltr'><strong>derelicta,</strong></span> <span class='ocrx_word' id='word_1_277' title='bbox 369 3807 443 3852; x_wconf 92' lang='lat' dir='ltr'><strong>cum</strong></span> <span class='ocrx_word' id='word_1_278' title='bbox 460 3789 493 3850; x_wconf 93' lang='lat' dir='ltr'><strong>in</strong></span> <span class='ocrx_word' id='word_1_279' title='bbox 508 3797 620 3852; x_wconf 92' lang='lat' dir='ltr'><strong>nostro</strong></span> <span class='ocrx_word' id='word_1_280' title='bbox 636 3789 749 3851; x_wconf 90' lang='lat' dir='ltr'><strong>codice</strong></span> <span class='ocrx_word' id='word_1_281' title='bbox 765 3787 957 3851; x_wconf 91' lang='lat' dir='ltr'><strong>constitutio</strong></span> <span class='ocrx_word' id='word_1_282' title='bbox 973 3789 1082 3870; x_wconf 89' lang='lat' dir='ltr'><strong>posita</strong></span> <span class='ocrx_word' id='word_1_283' title='bbox 1097 3799 1156 3866; x_wconf 90' lang='lat' dir='ltr'><strong>est,</strong></span> <span class='ocrx_word' id='word_1_284' title='bbox 1168 3809 1338 3872; x_wconf 87' lang='lat' dir='ltr'><strong>perquam</strong></span> 
     </span>
     <span class='ocr_line' id='line_1_34' title="bbox 189 3891 1337 3976; baseline -0.002 -18"><span class='ocrx_word' id='word_1_285' title='bbox 189 3903 223 3958; x_wconf 91' lang='lat' dir='ltr'><strong>et</strong></span> <span class='ocrx_word' id='word_1_286' title='bbox 238 3893 313 3957; x_wconf 92' lang='lat' dir='ltr'><strong>huic</strong></span> <span class='ocrx_word' id='word_1_287' title='bbox 329 3893 415 3976; x_wconf 85' lang='lat' dir='ltr'><strong>parti</strong></span> <span class='ocrx_word' id='word_1_288' title='bbox 428 3892 632 3956; x_wconf 91' lang='lat' dir='ltr'><strong>medevimus</strong></span> <span class='ocrx_word' id='word_1_289' title='bbox 648 3914 713 3956; x_wconf 94' lang='lat' dir='ltr'><strong>non</strong></span> <span class='ocrx_word' id='word_1_290' title='bbox 729 3891 837 3956; x_wconf 92' lang='lat' dir='ltr'><strong>solum</strong></span> <span class='ocrx_word' id='word_1_291' title='bbox 853 3893 886 3956; x_wconf 92' lang='lat' dir='ltr'><strong>in</strong></span> <span class='ocrx_word' id='word_1_292' title='bbox 902 3891 1150 3967; x_wconf 90' lang='lat' dir='ltr'><strong>hereditatibus,</strong></span> <span class='ocrx_word' id='word_1_293' title='bbox 1164 3895 1222 3957; x_wconf 88' lang='lat' dir='ltr'><strong>sed</strong></span> <span class='ocrx_word' id='word_1_294' title='bbox 1236 3895 1337 3958; x_wconf 88' lang='lat' dir='ltr'><strong>etiarn</strong></span> 
     </span>
     <span class='ocr_line' id='line_1_35' title="bbox 189 3997 1339 4081; baseline 0 -21"><span class='ocrx_word' id='word_1_295' title='bbox 189 3997 223 4060; x_wconf 90' lang='lat' dir='ltr'><strong>in</strong></span> <span class='ocrx_word' id='word_1_296' title='bbox 239 3997 357 4080; x_wconf 85' lang='lat' dir='ltr'><strong>legatis</strong></span> <span class='ocrx_word' id='word_1_297' title='bbox 372 4008 405 4061; x_wconf 92' lang='lat' dir='ltr'><strong>et</strong></span> <span class='ocrx_word' id='word_1_298' title='bbox 421 3997 703 4062; x_wconf 86' lang='lat' dir='ltr'><strong>fideicommissis:</strong></span> <span class='ocrx_word' id='word_1_299' title='bbox 727 3998 816 4080; x_wconf 92' lang='lat' dir='ltr'><strong>quod</strong></span> <span class='ocrx_word' id='word_1_300' title='bbox 841 3997 1010 4062; x_wconf 89' lang='lat' dir='ltr'><strong>evidenter</strong></span> <span class='ocrx_word' id='word_1_301' title='bbox 1030 4018 1074 4062; x_wconf 90' lang='lat' dir='ltr'><strong>ex</strong></span> <span class='ocrx_word' id='word_1_302' title='bbox 1095 3999 1198 4081; x_wconf 92' lang='lat' dir='ltr'><strong>ipsius</strong></span> <span class='ocrx_word' id='word_1_303' title='bbox 1218 4000 1339 4064; x_wconf 86' lang='lat' dir='ltr'><strong>consti-</strong></span> 
     </span>
     <span class='ocr_line' id='line_1_36' title="bbox 190 4101 1340 4184; baseline -0.002 -18"><span class='ocrx_word' id='word_1_304' title='bbox 190 4101 327 4166; x_wconf 89' lang='lat' dir='ltr'><strong>tutionis</strong></span> <span class='ocrx_word' id='word_1_305' title='bbox 342 4101 483 4166; x_wconf 91' lang='lat' dir='ltr'><strong>lectione</strong></span> <span class='ocrx_word' id='word_1_306' title='bbox 498 4102 658 4166; x_wconf 85' lang='lat' dir='ltr'><strong>clarescit.</strong></span> <span class='ocrx_word' id='word_1_307' title='bbox 703 4112 794 4166; x_wconf 94' lang='lat' dir='ltr'><strong>tutor</strong></span> <span class='ocrx_word' id='word_1_308' title='bbox 811 4111 923 4166; x_wconf 90' lang='lat' dir='ltr'><strong>autem</strong></span> <span class='ocrx_word' id='word_1_309' title='bbox 942 4121 1002 4165; x_wconf 91' lang='lat' dir='ltr'><strong>nec</strong></span> <span class='ocrx_word' id='word_1_310' title='bbox 1023 4121 1083 4184; x_wconf 90' lang='lat' dir='ltr'><strong>per</strong></span> <span class='ocrx_word' id='word_1_311' title='bbox 1101 4112 1247 4166; x_wconf 91' lang='lat' dir='ltr'><strong>nostram</strong></span> <span class='ocrx_word' id='word_1_312' title='bbox 1263 4121 1340 4165; x_wconf 76' lang='lat' dir='ltr'><strong>con-</strong></span> 
     </span>
    </p>
   </div>
   <div class='ocr_carea' id='block_1_5' title="bbox 191 4289 1342 4614">
    <p class='ocr_par' dir='ltr' id='par_1_6' title="bbox 191 4289 1341 4528">
     <span class='ocr_line' id='line_1_37' title="bbox 228 4289 1340 4362; baseline -0.002 -17"><span class='ocrx_word' id='word_1_313' title='bbox 228 4290 242 4362; x_wconf 69' lang='grc' dir='ltr'><strong>ξ</strong></span> <span class='ocrx_word' id='word_1_314' title='bbox 256 4295 306 4348; x_wconf 73' lang='lat'><strong>95.</strong></span> <span class='ocrx_word' id='word_1_315' title='bbox 326 4293 382 4346; x_wconf 87' lang='lat' dir='ltr'><strong>For</strong></span> <span class='ocrx_word' id='word_1_316' title='bbox 391 4291 516 4347; x_wconf 88' lang='lat' dir='ltr'><strong>incertae</strong></span> <span class='ocrx_word' id='word_1_317' title='bbox 526 4307 665 4361; x_wconf 88' lang='lat' dir='ltr'><strong>personae</strong></span> <span class='ocrx_word' id='word_1_318' title='bbox 675 4289 732 4345; x_wconf 93' lang='lat' dir='ltr'><strong>and</strong></span> <span class='ocrx_word' id='word_1_319' title='bbox 742 4289 904 4346; x_wconf 89' lang='lat' dir='ltr'><strong>testamenti</strong></span> <span class='ocrx_word' id='word_1_320' title='bbox 918 4291 1004 4346; x_wconf 83' lang='lat' dir='ltr'><strong>factio</strong></span> <span class='ocrx_word' id='word_1_321' title='bbox 1014 4307 1062 4346; x_wconf 86' lang='lat' dir='ltr'><strong>see</strong></span> <span class='ocrx_word' id='word_1_322' title='bbox 1073 4289 1197 4346; x_wconf 90' lang='lat' dir='ltr'><strong>Gaiusii.</strong></span> <span class='ocrx_word' id='word_1_323' title='bbox 1210 4291 1340 4360; x_wconf 88' lang='lat'><strong>238-240,</strong></span> 
     </span>
     <span class='ocr_line' id='line_1_38' title="bbox 191 4373 1341 4444; baseline 0 -16"><span class='ocrx_word' id='word_1_324' title='bbox 191 4373 249 4429; x_wconf 92' lang='lat' dir='ltr'><strong>and</strong></span> <span class='ocrx_word' id='word_1_325' title='bbox 268 4384 334 4429; x_wconf 87' lang='lat' dir='ltr'><strong>note</strong></span> <span class='ocrx_word' id='word_1_326' title='bbox 353 4391 390 4428; x_wconf 93' lang='lat' dir='ltr'><strong>on</strong></span> <span class='ocrx_word' id='word_1_327' title='bbox 407 4374 463 4429; x_wconf 87' lang='lat' dir='ltr'><strong>Tit.</strong></span> <span class='ocrx_word' id='word_1_328' title='bbox 480 4389 518 4441; x_wconf 83' lang='lat'><strong>14</strong></span> <span class='ocrx_word' id='word_1_329' title='bbox 533 4391 573 4444; x_wconf 93' lang='lat' dir='ltr'><strong>pr.</strong></span> <span class='ocrx_word' id='word_1_330' title='bbox 588 4390 685 4444; x_wconf 88' lang='lat' dir='ltr'><strong>supr.;</strong></span> <span class='ocrx_word' id='word_1_331' title='bbox 702 4373 746 4428; x_wconf 84' lang='lat' dir='ltr'><strong>ior</strong></span> <span class='ocrx_word' id='word_1_332' title='bbox 764 4375 813 4428; x_wconf 89' lang='lat' dir='ltr'><strong>the</strong></span> <span class='ocrx_word' id='word_1_333' title='bbox 831 4373 949 4444; x_wconf 86' lang='lat' dir='ltr'><strong>validity</strong></span> <span class='ocrx_word' id='word_1_334' title='bbox 967 4375 1001 4429; x_wconf 85' lang='lat' dir='ltr'><strong>of</strong></span> <span class='ocrx_word' id='word_1_335' title='bbox 1014 4373 1234 4430; x_wconf 88' lang='lat' dir='ltr'><strong>fideicommissa</strong></span> <span class='ocrx_word' id='word_1_336' title='bbox 1253 4383 1282 4429; x_wconf 90' lang='lat' dir='ltr'><strong>to</strong></span> <span class='ocrx_word' id='word_1_337' title='bbox 1300 4373 1341 4428; x_wconf 90' lang='lat' dir='ltr'><strong>in·</strong></span> 
     </span>
     <span class='ocr_line' id='line_1_39' title="bbox 191 4457 849 4528; baseline -0.002 -15"><span class='ocrx_word' id='word_1_338' title='bbox 191 4467 286 4513; x_wconf 86' lang='lat' dir='ltr'><strong>certae</strong></span> <span class='ocrx_word' id='word_1_339' title='bbox 298 4474 445 4528; x_wconf 86' lang='lat' dir='ltr'><strong>personae,</strong></span> <span class='ocrx_word' id='word_1_340' title='bbox 457 4468 525 4512; x_wconf 90' lang='lat' dir='ltr'><strong>note</strong></span> <span class='ocrx_word' id='word_1_341' title='bbox 539 4457 578 4526; x_wconf 86' lang='lat'><strong>(3)</strong></span> <span class='ocrx_word' id='word_1_342' title='bbox 592 4474 629 4511; x_wconf 92' lang='lat' dir='ltr'><strong>on</strong></span> <span class='ocrx_word' id='word_1_343' title='bbox 643 4457 699 4512; x_wconf 90' lang='lat' dir='ltr'><strong>Tit.</strong></span> <span class='ocrx_word' id='word_1_344' title='bbox 713 4471 756 4526; x_wconf 85' lang='lat'><strong>23.</strong></span> <span class='ocrx_word' id='word_1_345' title='bbox 773 4472 783 4512; x_wconf 93' lang='lat'>1</span> <span class='ocrx_word' id='word_1_346' title='bbox 802 4457 849 4512; x_wconf 76' lang='lat' dir='ltr'><strong>ini</strong></span> 
     </span>
    </p>

    <p class='ocr_par' dir='ltr' id='par_1_7' title="bbox 228 4537 1342 4614">
     <span class='ocr_line' id='line_1_40' title="bbox 228 4537 1342 4614; baseline -0.001 -18"><span class='ocrx_word' id='word_1_347' title='bbox 228 4539 260 4612; x_wconf 57' lang='grc' dir='ltr'><strong>ἐξ</strong></span> <span class='ocrx_word' id='word_1_348' title='bbox 275 4543 324 4610; x_wconf 83' lang='lat'><strong>26,</strong></span> <span class='ocrx_word' id='word_1_349' title='bbox 337 4543 385 4597; x_wconf 73' lang='lat'><strong>8⁷.</strong></span> <span class='ocrx_word' id='word_1_350' title='bbox 405 4543 462 4596; x_wconf 92' lang='lat' dir='ltr'><strong>For</strong></span> <span class='ocrx_word' id='word_1_351' title='bbox 473 4541 573 4611; x_wconf 84' lang='lat' dir='ltr'><strong>legacy</strong></span> <span class='ocrx_word' id='word_1_352' title='bbox 585 4551 615 4596; x_wconf 90' lang='lat' dir='ltr'><strong>to</strong></span> <span class='ocrx_word' id='word_1_353' title='bbox 633 4539 756 4612; x_wconf 88' lang='lat' dir='ltr'><strong>postumi</strong></span> <span class='ocrx_word' id='word_1_354' title='bbox 775 4537 859 4596; x_wconf 84' lang='lat' dir='ltr'><strong>alieni</strong></span> <span class='ocrx_word' id='word_1_355' title='bbox 874 4552 923 4598; x_wconf 87' lang='lat' dir='ltr'><strong>see</strong></span> <span class='ocrx_word' id='word_1_356' title='bbox 936 4541 1025 4597; x_wconf 85' lang='lat' dir='ltr'><strong>Gaius</strong></span> <span class='ocrx_word' id='word_1_357' title='bbox 1038 4539 1066 4597; x_wconf 93' lang='lat' dir='ltr'><strong>ii.</strong></span> <span class='ocrx_word' id='word_1_358' title='bbox 1079 4555 1127 4614; x_wconf 86' lang='lat'><strong>241</strong></span> <span class='ocrx_word' id='word_1_359' title='bbox 1143 4541 1201 4602; x_wconf 84' lang='lat' dir='ltr'><strong>and</strong></span> <span class='ocrx_word' id='word_1_360' title='bbox 1219 4550 1285 4596; x_wconf 90' lang='lat' dir='ltr'><strong>note</strong></span> <span class='ocrx_word' id='word_1_361' title='bbox 1304 4557 1342 4603; x_wconf 82' lang='lat' dir='ltr'><strong>on</strong></span> 
     </span>
    </p>
   </div>
   <div class='ocr_carea' id='block_1_6' title="bbox 754 4639 778 4691">
    <p class='ocr_par' dir='ltr' id='par_1_8' title="bbox 754 4639 778 4691">
     <span class='ocr_line' id='line_1_41' title="bbox 754 4639 778 4691; baseline 0 0"><span class='ocrx_word' id='word_1_362' title='bbox 754 4639 778 4691; x_wconf 90' lang='lat' dir='ltr'>U</span> 
     </span>
    </p>
   </div>
   <div class='ocr_carea' id='block_1_7' title="bbox 0 0 1660 5152">
    <p class='ocr_par' dir='ltr' id='par_1_9' title="bbox 0 0 1660 5152">
     <span class='ocr_line' id='line_1_42' title="bbox 0 0 1660 5152; baseline 0 0"><span class='ocrx_word' id='word_1_363' title='bbox 0 0 1660 5152; x_wconf 95' lang='lat' dir='ltr'><strong> </strong></span> 
     </span>
    </p>
   </div>
  </div>
 </body>
</html>
