3274 5152
188 437 238 488 Tit.
253 431 303 498 th]
419 427 480 484 DE
500 427 732 486 PUPILLARI
749 428 775 484 S
778 429 931 485 UBSTIT
933 430 988 485 UT
986 429 1101 487 IONE·
1273 423 1333 488 261

186 591 330 658 admitti.
374 591 413 658 Si
435 611 563 656 servum
586 591 729 656 alienum
752 591 826 676 quis
846 603 975 676 patrem
997 593 1137 658 familias
1159 594 1366 661 arbitratus4

186 697 343 762 heredem
362 696 527 780 scripserit
551 705 594 772 et,
610 697 637 760 si
659 697 754 761 heres
775 717 840 763 non
861 708 957 776 esset,
973 699 1141 764 Maeuium
1162 700 1191 764 ei
1214 701 1335 766 substi-

186 802 288 866 tuerit
303 801 396 884 isque
413 819 527 864 servus
546 799 635 864 iussu
656 801 781 866 domini
801 803 920 866 adierit
942 803 1169 881 hereditatem,
1185 803 1336 868 Maevius

187 904 221 968 in
237 913 367 987 partem
382 903 578 968 admittitur.
614 903 670 968 illa
686 905 774 968 enim
789 905 889 970 verba
906 907 949 970 ‘si
963 905 1059 970 heres
1073 926 1139 970 non
1156 906 1231 970 erit’
1246 908 1279 970 in
1294 928 1335 971 eo

185 1008 332 1089 quidem,
345 1027 447 1089 quern
462 1006 571 1070 alieno
586 1006 646 1070 iuri
665 1008 849 1072 subiectum
865 1029 937 1074 esse
955 1018 1095 1074 testator
1109 1009 1179 1084 scit,
1190 1009 1236 1073 sic
1251 1012 1336 1074 acci·

186 1111 336 1191 piuntur:
351 1111 378 1173 si
391 1129 498 1192 neque
509 1110 580 1191 ipse
591 1110 687 1176 heres
700 1111 760 1176 erit
771 1131 878 1194 neque
889 1112 989 1176 alium
1001 1111 1158 1176 heredem
1170 1111 1314 1176 effecerit
1327 1138 1334 1176 :

186 1215 219 1276 in
239 1234 280 1278 eo
295 1234 381 1290 vero,
398 1234 498 1297 quem
519 1224 648 1296 patrem
670 1214 810 1280 familias
831 1236 902 1280 esse
924 1217 1108 1294 arbitratur,
1129 1215 1210 1281 illud
1233 1217 1335 1299 signi·

185 1317 306 1384 ficant:
336 1319 363 1381 si
389 1317 609 1383 hereditatem
635 1319 697 1384 sibi
720 1320 800 1411 eive,
827 1321 918 1385 cuius
942 1320 1003 1384 iuri
1027 1329 1144 1403 postea
1169 1319 1335 1384 subiectus

185 1441 258 1486 esse
273 1422 426 1504 coeperit,
445 1443 512 1486 non
536 1423 736 1504 adquisierit.
782 1425 881 1508 idque
901 1424 1054 1490 Tiberius
1075 1423 1199 1489 Caesar
1212 1426 1245 1488 in
1260 1445 1335 1507 per·

184 1547 266 1590 sona
282 1525 447 1592 Parthenii
462 1527 547 1592 servi
562 1529 612 1592 sui
627 1529 806 1594 constituit.

712 1765 809 1832 XVI.

458 1943 508 1994 DE
531 1942 730 1995 PUPILLARI
753 1940 1059 1996 SUBSTI'I'UTIONE.

229 2091 357 2156 Liberis
372 2091 439 2156 suis
454 2091 689 2176 impuberibus,
702 2111 787 2174 quos
807 2092 840 2156 in
863 2101 1030 2176 potestate
1046 2092 1119 2177 quis
1142 2091 1252 2173 habet,
1268 2114 1334 2158 non

184 2197 292 2261 solum
308 2197 354 2261 ita
370 2206 407 2260 ut
421 2216 520 2280 supra
531 2198 678 2262 diximus
693 2197 892 2262 substituere
907 2208 1027 2282 potest,
1035 2199 1069 2263 id
1085 2207 1136 2262 est
1147 2199 1226 2275 ut,si
1241 2198 1335 2264 here-

184 2303 244 2364 des
260 2302 289 2364 ei
305 2321 371 2364 non
387 2303 568 2378 extiterint,
580 2301 664 2365 alius
679 2302 709 2365 ei
725 2301 768 2365 sit
782 2301 886 2377 heres,
902 2302 961 2366 sed
982 2324 1022 2367 eo
1037 2303 1179 2386 amplius
1194 2313 1231 2367 ut
1246 2313 1289 2382 et,
1308 2305 1335 2367 si

182 2405 322 2470 heredes
337 2405 367 2469 ei
383 2406 554 2470 extiterint
570 2415 604 2470 et
618 2405 727 2469 adhuc
742 2407 931 2489 impuberes
947 2409 1067 2473 mortui
1081 2407 1210 2483 suerint,
1227 2408 1269 2472 sit
1288 2409 1335 2472 eis

181 2509 301 2592 aliquis
322 2507 426 2573 heres.
470 2509 573 2574 veluti
599 2510 627 2575 si
653 2509 726 2591 quis
748 2509 838 2574 dicat
860 2510 923 2576 hoc
946 2512 1067 2575 modo:
1097 2511 1222 2576 ‘Titius
1249 2510 1335 2574 lilius

183 2635 277 2678 meus
292 2613 387 2678 heres
403 2613 483 2678 mihi
499 2624 593 2680 esto:
615 2615 643 2678 si
658 2613 745 2678 filius
768 2635 861 2679 meus
881 2614 977 2679 heres
997 2615 1076 2679 mihi
1097 2636 1164 2679 non
1179 2615 1250 2691 erit,
1267 2616 1336 2678 sive

181 2718 277 2782 heres
299 2718 361 2782 erit
383 2727 417 2782 et
439 2719 530 2800 prius
555 2719 721 2792 moriatur,
744 2739 846 2801 quam
874 2719 907 2782 in
929 2739 1024 2784 suam
1047 2719 1187 2784 tutelam
1207 2719 1335 2784 venerit

182 2818 230 2906 (id
246 2831 296 2886 est
311 2823 416 2904 pubes
436 2823 541 2886 lactus
559 2819 627 2908 sit),
642 2832 721 2886 tunc
745 2821 843 2886 Seius
864 2821 960 2887 heres
983 2823 1074 2888 esto!
1117 2844 1184 2906 quo
1205 2843 1283 2887 casu
1307 2824 1334 2886 si

182 2925 316 3008 quidem
341 2946 407 2990 non
433 2926 580 2990 extiterit
603 2925 699 2990 heres
726 2925 821 3000 filius,
848 2935 927 2990 tunc
953 2927 1154 2991 substitutus
1179 2927 1264 3008 patri
1296 2925 1335 2990 fit

181 3029 295 3093 heres:
319 3031 345 3092 si
364 3050 441 3094 vero
461 3031 610 3096 extiterit
624 3029 721 3095 heres
737 3029 823 3094 filius
843 3041 877 3096 et
899 3041 978 3095 ante
994 3031 1205 3114 pubertatem
1221 3030 1334 3094 deces-

181 3135 268 3209 serit,
285 3133 346 3218 ipsi
361 3135 429 3199 filio
451 3135 489 3200 tit
509 3135 605 3201 heres
626 3137 834 3200 substitutus.
879 3157 956 3200 nam
978 3137 1123 3200 moribus
1144 3135 1332 3200 institutum

181 3247 241 3316 est,
263 3247 310 3314 ut,
333 3259 409 3302 cum
433 3240 503 3303 eius
525 3241 645 3304 aetatis
666 3249 752 3318 sunt,
775 3239 809 3301 in
831 3259 898 3320 qua
920 3240 983 3322 ipsi
1006 3239 1069 3304 sibi
1095 3248 1332 3304 testamentum

180 3471 248 3525 then
270 3472 302 3539 C,
321 3470 346 3525 is
354 3471 381 3523 A
393 3469 451 3525 and
464 3471 488 3524 B
501 3469 571 3524 both
584 3468 656 3539 drop
669 3478 727 3531 out,
736 3478 799 3538 gets
814 3470 860 3523 B’s
873 3469 955 3524 share
967 3477 1017 3524 not
1030 3471 1097 3540 only
1109 3487 1142 3525 as
1155 3469 1332 3539 substitutus,

179 3554 230 3608 but
243 3554 304 3608 also
316 3571 349 3608 as
362 3553 514 3608 institutus.

216 3638 274 3690 For
294 3637 343 3690 the
365 3635 495 3706 question
515 3635 641 3690 whether
660 3651 678 3689 a
694 3633 794 3703 vulgar
810 3650 868 3689 was
890 3631 1006 3704 implied
1026 3633 1055 3690 in
1074 3650 1093 3688 a
1111 3633 1250 3706 pupillary
1267 3637 1332 3691 sub·

180 3719 308 3774 stitution
333 3735 381 3774 see
404 3720 458 3773 Mr.
473 3719 581 3774 Poste's
600 3728 667 3773 note
687 3734 724 3772 on
744 3716 833 3772 Gaius
854 3716 882 3772 ii.
905 3729 961 3786 179.
1001 3718 1044 3772 M.
1058 3716 1188 3772 Aurelius
1211 3719 1332 3774 enacted

179 3803 240 3858 that
260 3803 331 3858 each
353 3802 455 3858 should
479 3802 516 3858 be
540 3801 656 3872 implied
676 3801 705 3856 in
725 3801 774 3857 the
794 3801 893 3856 other:
919 3799 994 3856 ‘iam
1017 3801 1072 3856 hoc
1093 3800 1152 3855 iure
1172 3800 1277 3856 utimur
1297 3819 1332 3858 ex

180 3887 216 3941 D.
232 3886 323 3942 Marci
336 3897 364 3941 et
378 3885 475 3942 Severi
488 3885 697 3955 constitutione,
707 3895 737 3940 ut
750 3903 837 3956 quum
850 3895 931 3956 pater
948 3883 1086 3956 impuberi
1100 3884 1157 3939 filio
1170 3883 1199 3938 in
1212 3885 1331 3940 alterum

179 3987 277 4026 casum
287 3969 486 4040 substituisset,
497 3969 526 4024 in
536 3980 686 4040 utrumque
695 3985 794 4024 casum
803 3967 982 4024 substituisse
992 3968 1177 4039 intellegatur,
1186 3967 1245 4024 sive
1258 3967 1331 4024 lilius

178 4054 262 4108 heres
273 4071 331 4108 non
344 4051 475 4122 extiterit,
488 4053 548 4108 sive
560 4052 682 4110 extiterit
695 4062 724 4107 et
737 4051 867 4122 impubes
880 4050 1050 4106 decesserit’
1062 4051 1130 4122 Dig.
1144 4052 1184 4106 28.
1198 4051 1225 4106 6.
1237 4066 1264 4118 4.

216 4133 272 4205 54.
294 4136 323 4189 ll
331 4136 352 4190 it
365 4135 450 4190 could
467 4135 504 4191 be
522 4135 630 4205 proved
648 4136 710 4190 that
729 4135 778 4190 the
796 4144 917 4190 testator
929 4134 1021 4189 would
1033 4144 1084 4190 not
1097 4135 1170 4189 bave
1184 4133 1331 4189 instituted

178 4219 227 4274 the
245 4217 354 4274 alienus
373 4235 479 4288 servus,
496 4219 555 4273 had
573 4219 610 4273 he
629 4219 732 4272 lmown
752 4217 797 4272 bis
818 4217 912 4273 actual
934 4217 1088 4289 condition,
1104 4219 1153 4274 the
1171 4216 1330 4273 institution

178 4318 236 4357 was
248 4301 324 4371 void,
337 4301 394 4357 and
407 4303 455 4358 the
468 4301 618 4357 substitute
630 4302 699 4356 took
711 4301 757 4372 all,
772 4301 842 4357 Cod.
855 4301 881 4356 6.
895 4315 937 4368 24
951 4315 977 4370 3.

213 4389 274 4442 Tit
286 4389 376 4440 m.
395 4384 565 4442 Substitutio
584 4385 738 4456 pupillaris,
759 4384 816 4440 like
837 4385 886 4442 the
907 4384 982 4456 right
1007 4383 1040 4438 of
1056 4381 1222 4455 appointing
1244 4392 1331 4439 testa·

178 4479 308 4538 mentary
324 4469 477 4540 guardians
495 4479 526 4524 to
544 4471 622 4526 one's
641 4487 704 4524 own
723 4467 894 4524 filiifamilias
913 4468 1004 4522 under
1016 4467 1065 4522 the
1083 4484 1136 4537 age
1153 4467 1186 4521 ol
1200 4467 1329 4540 puberry,

178 4569 236 4608 was
248 4569 266 4608 a
278 4570 348 4624 pure
359 4563 492 4612 outcome
504 4553 537 4610 oi
545 4553 637 4625 patria
653 4563 789 4624 potestas,
802 4551 868 4622 and,
881 4567 913 4607 ss
925 4549 1066 4622 Justinian
1079 4552 1143 4608 tells
1155 4567 1188 4606 us
1201 4551 1277 4619 here,
1290 4567 1327 4606 au
