3286 5144
285 387 358 474 '368
502 397 576 452 INS
578 397 605 452 Τ
602 397 651 452 IT
653 397 709 454 UT
706 396 852 481 JONQM
869 395 990 450 LIBRI
1008 395 1243 467 QUATTUOR.
1324 399 1390 465 [Lib.
1402 405 1447 455 111.

265 562 437 646 4septimo
460 561 530 626 viro
553 572 588 628 et
614 561 728 626 uxori:
751 570 870 626 octavo
895 562 1045 642 cognatis
1070 562 1331 628 manumissoris.
1377 563 1447 629 Sed

295 687 352 730 eas
374 666 508 748 quidem
530 668 695 750 praetoria
718 666 850 730 induxit
875 665 1064 730 iurisdictio.
1101 667 1196 730 nobis
1221 676 1335 731 tamen
1362 667 1445 731 nihil

295 770 492 834 incuriosum
525 770 792 853 praetermissum
822 778 881 844 est,
911 769 970 832 sed
1001 769 1121 833 nostris
1151 771 1446 835 constitutionibus

295 874 406 936 omnia
424 874 623 956 corrigentes
638 883 753 938 contra
768 872 900 937 tabulas
915 873 1050 954 quidem
1066 881 1100 937 et
1117 875 1298 938 secundum
1314 875 1448 938 tabulas

294 975 455 1040 bonomm
465 977 689 1060 possessiones
697 978 890 1042 admisimus
899 985 1017 1060 utpote
1028 979 1228 1042 necessarias
1237 979 1447 1058 constitutas,

297 1100 358 1144 nec
382 1101 448 1144 non
472 1079 517 1144 ab
543 1083 700 1147 intestato
723 1083 810 1146 unde
833 1081 926 1145 liberi
950 1091 985 1146 et
1007 1084 1095 1147 uude
1123 1081 1262 1166 legitimi
1286 1084 1448 1148 bonorum

267 1184 529 1268 5possessiones.
584 1185 682 1269 Quae
710 1196 822 1250 autem
849 1187 883 1249 in
908 1187 1069 1270 praetoris
1095 1186 1206 1250 edicto
1230 1187 1348 1269 quinto
1373 1187 1449 1251 loco

296 1287 406 1371 posita
426 1287 541 1364 fuerat,
557 1289 591 1352 id
613 1301 663 1354 est
683 1291 771 1354 unde
786 1290 902 1353 decem
923 1309 1092 1373 personae,
1108 1309 1182 1354 eam
1203 1290 1259 1372 pio
1279 1291 1449 1374 proposito

297 1399 331 1454 et
346 1391 581 1474 compendioso
595 1413 745 1458 sermone
761 1414 997 1477 supervacuam
1013 1393 1238 1458 ostendimus:
1267 1413 1343 1458 cum
1360 1395 1448 1458 enim

298 1495 445 1578 praefata
465 1496 626 1560 bonorum
643 1498 807 1580 possessio
825 1497 940 1561 decem
963 1517 1121 1580 personas
1143 1498 1369 1580 praeponebat
1389 1518 1450 1561 ex·

298 1608 413 1662 traneo
425 1602 663 1676 manumissori,
676 1611 788 1665 nostra
804 1602 1004 1676 constitutio,
1017 1621 1118 1684 quam
1132 1602 1175 1665 de
1187 1602 1450 1685 emancipatione

299 1701 476 1766 liberorum
499 1703 643 1783 fecimus,
666 1705 819 1769 omnibus
841 1705 1032 1788 parentibus
1056 1705 1247 1788 eisdemque
1270 1705 1450 1768 manumis-

298 1805 426 1870 soribus
442 1817 609 1873 contracta
630 1807 749 1874 fiducia
770 1809 1062 1892 manumissionem
1085 1808 1193 1873 facere
1207 1809 1309 1884 dedit,
1327 1817 1363 1872 ut
1378 1809 1451 1892 ipsa

299 1911 513 1976 manumissio
529 1934 641 1977 eorum
657 1913 719 1979 hoc
735 1915 768 1978 in
782 1934 818 1978 se
836 1913 957 1978 habeat
972 1914 1178 1998 privilegium
1195 1923 1229 1978 et
1247 1934 1451 1997 supervacua

299 2013 359 2078 fiat
387 2017 556 2097 praedicta
585 2018 746 2082 bonorum
780 2018 953 2100 possessio.
1005 2017 1137 2081 sublata
1172 2017 1273 2100 igitur
1301 2017 1451 2100 praefata

299 2117 415 2200 quinta
443 2119 605 2184 bonorum
633 2121 841 2206 possessione
864 2121 903 2184 in
928 2120 1069 2203 gradum
1096 2120 1166 2184 eius
1193 2128 1325 2184 sextam
1352 2127 1452 2184 antea

299 2219 462 2286 bonorum
484 2225 725 2308 possessionem
745 2224 937 2289 reduximus
960 2233 994 2288 et
1017 2223 1168 2305 quintam
1186 2221 1333 2302 fecimus,
1350 2243 1452 2306 quarn

270 2333 431 2410 epraetor
445 2331 606 2412 proximis
622 2329 770 2413 cognatis
785 2328 967 2412 pollicetur.
1013 2326 1166 2410 Cumque
1186 2337 1286 2392 antea
1308 2327 1451 2409 septimo

300 2429 374 2496 loco
388 2432 494 2496 fuerat
508 2433 670 2497 bonorum
685 2434 848 2517 possessio
864 2441 935 2496 tum
951 2451 1052 2514 quarn
1073 2451 1118 2495 ex
1139 2431 1264 2494 familia
1282 2439 1316 2495 et
1331 2441 1451 2495 octavo

264 2533 266 2538 ’
300 2537 390 2600 unde
409 2537 503 2600 liberi
524 2539 652 2620 patroni
673 2546 895 2620 patronaeque
911 2546 944 2601 et
965 2543 1119 2619 parentes
1140 2554 1261 2614 eorum,
1277 2545 1452 2618 utramque

300 2659 360 2722 per
375 2641 642 2706 constitutionem
657 2651 813 2721 nostram,
829 2662 929 2724 quam
949 2641 991 2705 de
1010 2641 1078 2704 iure
1095 2647 1290 2724 patronatus
1306 2639 1451 2719 fecimus,

300 2744 432 2828 penitus
446 2747 675 2811 vacuavimus:
698 2767 774 2811 cum
793 2748 881 2812 enim
901 2747 945 2810 ad
966 2745 1216 2810 similitudinem
1233 2744 1452 2808 successionis

300 2849 518 2932 ingenuorum
543 2850 1014 2916 libertinorum-successiones
1039 2849 1216 2932 posuimus,
1239 2869 1323 2932 quas
1347 2869 1453 2931 usque

300 2954 343 3018 ad
366 2954 518 3037 quintum
541 2955 774 3020 tantummodo
799 2954 940 3038 gradum
963 2953 1191 3032 coartavimus,
1215 2961 1252 3017 ut
1274 2952 1318 3017 sit
1339 2951 1452 3035 aliqua

300 3055 385 3122 inter
400 3057 559 3140 ingenuos
577 3067 611 3122 et
632 3057 767 3122 libertos
783 3056 974 3134 differentia,
995 3057 1160 3123 sufficiunt
1179 3057 1227 3120 eis
1241 3064 1312 3120 tam
1334 3064 1452 3120 contra

299 3160 431 3225 tabulas
451 3161 613 3226 bonorum
634 3161 799 3245 possessio
818 3181 918 3244 quam
941 3161 1030 3224 unde
1049 3160 1187 3243 legitimi
1209 3169 1242 3223 et
1264 3158 1353 3222 unde
1374 3178 1453 3241 cog·
1572 3155 1575 3164 ’

299 3340 383 3395 latter
395 3339 419 3395 is
431 3340 561 3410 avoided,
574 3359 606 3397 so
618 3343 680 3397 that
692 3342 729 3398 he
741 3341 874 3398 becomes
887 3341 969 3396 heres
981 3339 1018 3394 ab
1032 3339 1165 3394 intestato
1177 3357 1184 3404 3
1202 3339 1251 3393 the
1263 3336 1408 3392 bastitutus
1421 3335 1451 3392 in

300 3423 349 3479 the
370 3425 426 3480 will
450 3425 562 3482 obtains
587 3426 725 3481 bonorum
750 3423 894 3496 possessio
919 3423 1075 3480 secundum
1097 3422 1229 3477 tabulas:
1254 3437 1286 3475 or
1311 3437 1387 3490 upon
1413 3435 1450 3474 au

300 3506 439 3580 intestacy
451 3509 500 3566 the
513 3519 648 3580 cognatas
661 3509 757 3566 obtain
770 3510 909 3564 bonorum
921 3505 1075 3578 possessio,
1083 3505 1166 3560 while
1179 3505 1259 3560 there
1272 3504 1295 3558 is
1308 3519 1327 3559 a
1339 3520 1407 3558 suus
1420 3519 1453 3558 or

200 3614 212 3632 ·
301 3603 405 3662 agnata
416 3611 449 3648 as
462 3594 551 3650 heres.
592 3593 693 3650 Under
705 3594 774 3648 such
787 3592 1009 3648 circumstances
1021 3607 1054 3645 as
1066 3591 1156 3658 these,
1169 3587 1193 3642 if
1201 3589 1250 3644 the
1263 3586 1347 3642 claim
1360 3587 1392 3642 of
1405 3586 1454 3642 the

301 3679 462 3750 praetorian
480 3695 628 3734 successor
648 3677 673 3732 is
693 3675 862 3732 overridden
881 3675 920 3744 by
939 3675 1001 3730 that
1023 3673 1056 3728 of
1069 3673 1119 3729 the
1137 3673 1229 3744 heres,
1247 3672 1297 3726 the
1315 3671 1454 3726 bonorum
1489 3725 1494 3732 ,

301 3763 444 3834 possessio
464 3761 487 3818 is
506 3761 569 3818 said
587 3772 616 3816 to
635 3761 671 3816 be
689 3760 751 3815 sine
769 3777 808 3828 re,
825 3775 857 3812 or
875 3757 1056 3813 ineffectual:
1076 3755 1230 3810 ‘bonorum
1249 3751 1394 3824 possessio
1406 3759 1455 3808 aut

300 3865 365 3904 cum
378 3864 409 3902 re
421 3847 512 3914 datur,
524 3853 572 3900 aut
586 3844 647 3900 sine
663 3859 693 3898 re
705 3862 712 3898 ε
731 3859 796 3898 curn
808 3859 847 3910 re,
864 3841 887 3895 si
907 3841 931 3896 is
943 3840 991 3912 qui
1006 3838 1116 3910 accepit
1129 3855 1194 3894 cum
1207 3837 1309 3893 effectu
1322 3835 1399 3890 bona
1411 3851 1453 3890 re·

304 3929 410 3987 tinent:
430 3929 543 3996 sinere,
556 3944 621 3982 cum
634 3925 705 3981 alius
718 3925 777 3980 iure
790 3923 864 3979 civili
877 3923 1006 3980 evincere
1019 3921 1206 3978 hereditatem
1219 3919 1324 3991 possit'
1337 3917 1455 3989 Ulpian,

301 4029 359 4082 reg.
373 4014 415 4068 28.
432 4027 463 4080 13
476 4029 482 4065 ε
502 4011 537 4065 cf.
551 4009 640 4065 Gaius
653 4008 689 4063 iii.
704 4009 800 4078 35-38.
837 4007 899 4062 The
912 4007 972 4062 rufe
984 4023 1060 4077 upon
1073 4005 1129 4060 this
1142 4015 1245 4058 matter
1258 4019 1324 4072 may
1338 4002 1374 4056 be
1387 4001 1453 4056 thus

303 4095 415 4152 stated:
434 4095 526 4149 where
544 4094 624 4148 there
642 4091 666 4146 is
685 4109 703 4148 a
720 4091 849 4146 collision
866 4090 994 4147 between
1013 4091 1062 4144 the
1079 4088 1144 4145 civil
1159 4087 1217 4142 and
1229 4087 1278 4141 the
1290 4083 1452 4156 praetorian

303 4177 374 4246 title,
387 4178 436 4232 the
448 4177 532 4232 latter
544 4185 619 4230 must
637 4173 714 4244 yield
731 4183 761 4230 to
779 4175 828 4229 the
846 4173 958 4242 former,
971 4171 1028 4228 and
1040 4173 1077 4227 be
1090 4170 1203 4238 sinere,
1216 4177 1316 4238 except
1329 4166 1359 4221 in
1372 4183 1454 4222 cases

303 4261 336 4316 of
340 4261 479 4316 bonorum
489 4258 632 4330 possessio
642 4257 709 4314 iuris
718 4255 807 4313 civilis
817 4256 1002 4327 impugnandi
1012 4254 1111 4326 gratia,
1119 4252 1171 4310 viz.
1183 4253 1275 4308 where
1283 4251 1333 4306 tbe
1342 4263 1455 4320 posses·

301 4343 365 4402 sion
379 4343 403 4399 is
415 4343 498 4414 given
508 4351 538 4398 to
550 4341 629 4398 liberi
642 4359 719 4414 upon
732 4341 878 4410 intestacy,
888 4340 946 4396 and
958 4349 988 4395 to
1001 4335 1201 4408 emancipated
1213 4333 1341 4390 children
1354 4341 1454 4388 contra

302 4428 423 4498 tabulas,
433 4427 491 4484 and
503 4426 532 4482 in
545 4425 652 4482 certain
662 4425 805 4481 instances
813 4425 846 4478 of
851 4424 991 4481 bonorum
1004 4419 1148 4494 possessio
1161 4417 1318 4476 secundum
1331 4415 1453 4484 rabulas,

303 4512 346 4569 for
358 4511 450 4568 which
462 4529 510 4569 see
523 4527 561 4568 ou
574 4511 627 4568 Bk.
640 4510 668 4568 ii.
684 4523 722 4579 17.
736 4509 754 4568 ⁶
766 4525 842 4582 supr.
