3274 5152
199 457 312 524 narn]
383 455 540 528 QUIBUS
559 455 654 514 NON
672 455 756 513 EST
773 457 1036 529 PERMISSUM,
1060 460 1120 518 ET
1119 457 1151 518 C.
1282 465 1345 537 245

198 621 257 685 sed
276 619 309 686 id
335 621 426 704 quod
449 627 527 686 ante
552 617 675 697 lecerit,
701 641 802 704 quarn
825 618 1012 688 interdictio
1038 623 1068 688 ei
1090 623 1252 690 bonorum
1275 625 1345 704 fiat,

199 735 307 790 ratum
322 734 383 790 est.
428 724 514 788 Item
538 733 650 788 mutus
673 734 707 789 et
728 725 847 789 surdus
870 745 936 790 non
960 746 1091 809 semper
1115 726 1223 792 facere
1242 735 1376 794 testa-3

199 838 348 893 mentum
375 837 523 911 possunt.
567 828 681 910 utique
704 837 818 892 autem
845 829 888 894 de
912 849 952 893 eo
978 831 1078 894 surdo
1095 829 1269 913 loquimur,
1288 832 1345 915 qui

197 933 334 997 omnino
349 953 416 997 non
431 932 578 1009 exaudit,
594 951 661 996 non
676 933 733 1014 qui
748 933 844 998 tarde
859 933 998 997 exaudit
1013 959 1021 999 ε
1045 955 1123 998 nam
1139 945 1173 999 et
1189 945 1302 1000 mutus
1317 938 1345 1001 is

197 1035 407 1128 intellegitur,
435 1037 491 1119 qui
517 1035 627 1119 eloqui
651 1035 731 1100 nihil
755 1045 877 1119 potest,
904 1057 970 1102 non
996 1037 1052 1121 qui
1074 1039 1170 1103 tarde
1192 1039 1345 1122 loquitur.

197 1159 297 1223 saepe
305 1151 418 1205 autem
434 1139 686 1204 etiam'litterati
702 1148 735 1204 et
751 1141 869 1204 emditi
884 1139 1036 1205 homines
1054 1143 1152 1207 variis
1167 1143 1296 1210 casibus
1311 1154 1346 1208 et

195 1243 351 1308 audiendi
376 1252 409 1308 et
431 1243 589 1326 loquendi
612 1241 804 1308 facultatem
827 1244 1008 1310 amittunt:
1031 1246 1119 1309 unde
1139 1255 1253 1311 nostra
1267 1266 1346 1311 con-

195 1347 324 1412 stitutio
336 1347 437 1412 etiam
448 1347 501 1410 his
516 1347 677 1425 subvenit,
690 1357 727 1410 ut
742 1348 840 1411 certis
854 1347 987 1412 casibus
999 1356 1033 1413 et
1045 1349 1152 1413 modis
1163 1351 1345 1414 secundum

195 1470 346 1515 normam
362 1449 432 1515 eius
447 1451 574 1533 possint
596 1450 711 1514 testari
733 1450 865 1533 aliaque
886 1449 994 1516 facere
1015 1473 1101 1535 quae
1121 1453 1168 1516 eis
1185 1453 1345 1536 permissa

193 1563 280 1618 sunt.
326 1554 385 1620 sed
411 1555 439 1617 si
463 1555 537 1637 quis
560 1563 638 1636 post
663 1561 903 1618 testamentum
925 1553 1050 1620 sactum
1072 1555 1262 1620 valetudine
1285 1567 1344 1622 aut

194 1657 342 1740 quolibet
354 1657 420 1720 alio
434 1677 511 1721 casu
527 1667 639 1722 mutus
654 1667 712 1721 aut
727 1658 845 1723 surdus
864 1678 936 1722 esse
952 1659 1105 1741 coeperit,
1120 1668 1228 1724 ratum
1241 1660 1344 1725 nihilo

194 1761 303 1824 minus
318 1761 389 1826 eius
409 1770 558 1825 remanet
577 1769 826 1826 testamentum.
872 1761 1000 1827 Caecus
1017 1772 1131 1828 autem
1150 1783 1216 1828 non
1232 1772 1374 1850 potest4

193 1861 300 1928 facere
323 1873 562 1929 testamentum
589 1863 651 1929 nisi
681 1883 740 1946 per
766 1865 1042 1942 observationem,
1067 1885 1168 1948 quam
1194 1866 1251 1930 lex
1275 1867 1342 1930 divi

194 1965 431 2051 Iustinipatris
446 1969 511 2032 mei
527 1967 721 2033 introduxit.
760 1967 851 2046 Eius,
862 1968 919 2050 qui
934 1969 1024 2050 apud
1036 1967 1150 2034 hostes
1166 1979 1225 2047 est,
1240 1979 1374 2037 testa-5

194 2081 344 2136 mentum
360 2073 449 2155 quod
470 2073 516 2136 ibi
533 2071 611 2137 fecit
633 2092 699 2135 non
715 2071 814 2149 valet,
834 2071 985 2154 quamvis
1001 2072 1154 2138 redierit:
1179 2073 1237 2138 sed
1252 2075 1343 2156 quod

192 2175 273 2239 dum
285 2177 318 2240 in
334 2178 468 2242 civitate
482 2177 590 2242 suerat
605 2175 693 2256 fecit,
709 2177 778 2242 sive
793 2177 935 2255 redierit,
950 2175 1040 2242 valet
1054 2177 1123 2242 iure
1138 2179 1341 2260 postliminii,

193 2281 261 2345 sive
277 2280 343 2344 illic
358 2282 546 2356 decesserit,
561 2280 652 2346 valet
667 2302 712 2345 ex
728 2280 802 2363 lege
818 2279 982 2345 Cornelia.

227 2431 241 2504 §
255 2437 284 2491 8.
303 2435 383 2490 Deaf
390 2451 423 2489 or
435 2435 523 2490 dumb
536 2449 653 2505 persons
666 2433 725 2489 had
736 2435 810 2489 been
823 2433 981 2502 altogether
998 2435 1103 2490 unable
1115 2443 1145 2489 to
1158 2435 1242 2490 make
1254 2453 1273 2491 a
1284 2436 1340 2491 will

190 2533 242 2588 per
253 2535 302 2574 aes
315 2529 343 2575 et
356 2519 465 2588 libram,
478 2520 527 2575 the
539 2518 651 2588 former,
665 2517 818 2589 ‘quoniam
830 2517 916 2572 verba
924 2515 1048 2572 familiae
1060 2518 1195 2588 emptoris
1208 2519 1342 2576 exaudire

190 2617 248 2656 non
266 2604 376 2672 potest,’
388 2603 437 2658 the
454 2603 546 2672 latter,
559 2601 568 2631 ‘
577 2601 711 2673 quoniam
724 2601 811 2656 verba
829 2600 1048 2671 nuncupationis
1061 2601 1137 2672 loqui
1155 2619 1213 2657 non
1232 2603 1342 2672 potest’

192 2683 307 2755 Ulpian,
320 2703 377 2756 reg.
391 2700 434 2740 ao.
447 2701 486 2755 13.
524 2687 568 2756 By
581 2685 651 2740 Cod.
665 2683 690 2739 6.
705 2699 748 2738 22.
761 2693 795 2737 10
805 2683 947 2754 Justinian
959 2684 1095 2738 removed
1111 2684 1160 2739 the
1172 2684 1343 2755 incapacity,

190 2785 258 2822 save
275 2769 348 2823 from
367 2770 449 2825 those
461 2770 525 2824 who
542 2785 614 2823 were
632 2767 702 2823 deas
718 2767 777 2822 and
794 2767 883 2821 dumb
901 2766 974 2821 from
993 2766 1069 2822 birth
1090 2766 1201 2838 (except
1219 2770 1342 2840 perhaps

190 2852 317 2922 soldiers,
330 2852 386 2910 Tit.
402 2869 442 2908 11.
456 2869 471 2908 2
485 2851 582 2925 supa),
595 2852 694 2908 buthe
707 2849 839 2923 required
855 2852 938 2907 those
955 2851 1018 2906 who
1031 2869 1104 2908 were
1121 2851 1209 2908 dumb
1221 2862 1251 2908 to
1264 2853 1341 2910 write

189 2935 263 2990 their
274 2953 337 2990 own
350 2937 420 2991 wills
432 2937 614 3007 throughout.

226 3016 284 3088 μ.
303 3019 366 3076 Tm
384 3019 532 3076 execution
551 3019 585 3074 oi
598 3035 615 3074 a
633 3017 713 3074 blind
731 3019 822 3073 man’s
834 3018 890 3073 will
906 3016 1038 3090 required
1055 3019 1105 3075 the
1122 3035 1259 3090 presence
1277 3019 1310 3074 oi
1324 3035 1343 3075 a

189 3111 298 3171 notary,
311 3118 351 3172 or,
367 3101 392 3157 is
405 3120 460 3158 one
478 3102 563 3158 could
581 3111 631 3158 not
646 3102 683 3158 be
698 3101 846 3173 procured,
865 3102 898 3157 of
911 3119 949 3157 an
966 3101 1123 3158 additional
1142 3101 1265 3172 witness,
1283 3102 1341 3158 aud

188 3185 226 3239 all
238 3184 316 3255 eight
329 3186 387 3241 had
398 3197 429 3242 to
441 3186 504 3256 sign
517 3185 575 3241 and
587 3186 647 3241 seal
659 3186 708 3240 the
723 3194 885 3253 testament,
899 3184 970 3240 Cod.
983 3185 1009 3241 6.
1022 3200 1066 3241 22.
1079 3186 1103 3241 8.

225 3266 283 3339 §d
302 3270 364 3326 'ibe
383 3269 438 3325 will
459 3271 492 3325 of
507 3287 525 3326 a
546 3269 616 3324 civis
635 3270 698 3323 who
717 3285 779 3342 was¹
793 3269 880 3324 taken
902 3268 1013 3339 captive
1033 3269 1072 3340 by
1090 3269 1139 3325 the
1161 3285 1264 3340 enemy
1283 3285 1340 3326 was

188 3351 310 3410 avoided
328 3353 367 3423 by
379 3354 423 3409 his
441 3352 542 3424 capitis
560 3351 717 3407 deminutio
736 3351 860 3406 maxima
878 3352 975 3407 unless
993 3351 1194 3408 rehabilitated
1212 3353 1251 3422 by
1264 3363 1341 3423 post-

187 3434 327 3494 liminium
347 3437 424 3506 (note
440 3453 477 3490 on
495 3435 547 3490 Ble
565 3450 642 3490 1.12.
659 3435 794 3504 ssupr.);
819 3434 843 3488 if
856 3435 893 3489 he
913 3434 980 3490 died
998 3435 1075 3505 apud
1093 3436 1190 3491 hostes
1208 3436 1246 3491 he
1264 3448 1340 3493 must

187 3519 276 3574 needs
289 3519 335 3574 die
349 3520 488 3574 intestata
527 3517 598 3572 This
611 3533 669 3572 was
684 3515 829 3571 remedied
842 3515 871 3570 in
884 3533 902 3570 a
915 3517 1070 3572 somewhat
1090 3518 1202 3573 curious
1221 3535 1341 3575 manner

187 3603 225 3672 by
237 3603 286 3658 the
304 3603 349 3658 lex
368 3601 500 3657 Cornelia
518 3601 554 3656 de
572 3599 650 3655 salsis
665 3599 737 3668 (uc.
755 3600 798 3668 80,
813 3598 864 3653 Ble
879 3597 915 3654 iv.
932 3599 971 3654 18.
985 3611 1001 3666 7
1015 3598 1086 3669 int),
1103 3600 1195 3654 which
1209 3600 1340 3670 imposed

186 3684 325 3755 penalties
342 3702 380 3740 on
396 3685 479 3740 those
491 3685 555 3739 who
574 3682 673 3754 iorged
686 3681 756 3737 wills
773 3682 806 3736 os
820 3681 963 3752 prisoners
980 3683 1044 3737 who
1061 3683 1128 3738 died
1147 3682 1176 3736 in
1195 3683 1339 3754 captivity,

187 3766 203 3824 i.
215 3785 239 3823 e.
254 3768 316 3822 who
330 3765 475 3838 produced
487 3785 505 3823 a
517 3766 617 3837 sorged
629 3765 684 3820 will
695 3765 785 3821 which
798 3766 867 3835 they
875 3764 1032 3836 pretended
1044 3765 1103 3820 had
1116 3765 1189 3821 been
1202 3766 1340 3822 executed

187 3852 227 3922 by
238 3853 287 3908 the
299 3851 441 3908 deceased
458 3851 535 3922 prior
552 3861 582 3906 to
600 3849 644 3905 his
664 3859 790 3921 capture.
829 3851 916 3904 From
934 3849 991 3905 this
1011 3849 1031 3904 it
1050 3865 1108 3904 was
1127 3848 1249 3904 inferred
1267 3848 1339 3920 that,

187 3935 245 3990 had
258 3936 327 3990 such
340 3952 358 3990 a
370 3935 427 3990 will
437 3935 511 3990 been
521 3935 644 4004 actually
654 3950 687 3988 so
696 3933 844 4002 executed,
854 3934 903 3988 the
913 3933 966 3987 law
975 3931 1069 3988 would
1081 3942 1130 3988 not
1143 3933 1216 3988 have
1229 3934 1339 3989 treated

186 4017 207 4073 it
225 4035 257 4073 as
274 4019 341 4074 void
353 4036 360 4087 ;
378 4018 400 4074 it
413 4017 496 4073 could
509 4027 558 4072 not
575 4018 647 4072 bave
661 4015 795 4072 stultified
807 4014 885 4072 itsell
900 4016 938 4086 by
950 4015 1110 4086 penalising
1125 4017 1173 4071 the
1186 4015 1297 4086 iorgery
1310 4017 1343 4072 os

186 4117 222 4156 an
242 4101 410 4158 instrument
423 4101 523 4170 which,
536 4117 573 4156 ex
588 4101 741 4172 hypothesi,
754 4100 838 4155 could
856 4101 929 4155 have
947 4117 985 4154 no
1003 4101 1077 4170 legal
1095 4099 1178 4155 effect
1197 4101 1340 4156 whatever

186 4183 274 4252 (fictio
287 4184 358 4255 legis
372 4183 531 4254 Corneliae)
543 4201 550 4240 :
570 4183 648 4254 ‘lege
662 4182 794 4239 Cornelia
807 4193 979 4239 testamenta
991 4199 1097 4252 eorum,
1110 4183 1158 4254 qui
1171 4183 1200 4238 in
1213 4181 1338 4238 hostium

184 4276 326 4338 potestate
345 4267 537 4338 decesserunt,
555 4266 672 4338 perinde
691 4266 894 4321 confirmantur
915 4283 949 4321 ac
969 4265 993 4320 si
1012 4265 1051 4334 hi,
1072 4265 1119 4337 qui
1142 4283 1177 4321 ea
1195 4265 1337 4336 iecissent,

185 4349 214 4403 in
231 4349 355 4406 hostium
372 4361 542 4422 potestatem
559 4367 616 4405 non
635 4349 847 4420 pervenissent’
865 4349 931 4420 Dig.
945 4350 985 4404 28.
1003 4365 1025 4405 1.
1042 4363 1080 4404 12.
1106 4339 1182 4405 ’'I'he
1200 4349 1337 4420 principle

184 4433 219 4488 oi
232 4433 281 4490 the
299 4433 395 4489 fiction
412 4451 470 4489 was
488 4433 690 4504 subsequently
702 4433 844 4488 extended
861 4443 892 4488 to
910 4433 948 4488 all
966 4432 1056 4503 rights
1075 4433 1133 4488 and
1152 4432 1336 4504 dispositione

185 4517 335 4586 whatever,
349 4516 393 4572 ‘in
405 4517 538 4572 omnibus
550 4516 676 4588 partibus
695 4515 763 4572 iuris
776 4515 808 4586 is,
822 4516 869 4588 qui
882 4533 1010 4572 reversus
1023 4532 1080 4570 non
1093 4525 1137 4572 est
1149 4516 1186 4572 ab
1198 4515 1337 4588 hostibus,

184 4601 265 4674 quasi
278 4611 346 4658 tunc
358 4600 516 4660 decessisse
528 4600 646 4673 videtur,
659 4617 723 4656 cum
736 4610 836 4672 captus
848 4601 939 4674 essetf
952 4600 1018 4672 Dig.
1030 4611 1074 4672 49
1091 4611 1130 4674 15.
1149 4601 1188 4658 18.
