3274 5152
293 368 356 431 242
497 349 847 420 rrvsrrrurrouun
865 347 984 404 tran!
1004 346 1237 418 QUATTUOR.
1332 343 1441 412 [una

293 531 406 592 menta
421 529 492 586 rata
514 520 589 598 sint,
615 517 661 582 sic
685 511 832 594 intellegi
851 511 961 588 debet,
980 520 1018 574 ut
1041 510 1154 594 utique
1175 511 1265 593 prius
1289 518 1441 574 constare

292 628 413 695 debeat
428 633 665 690 testamentum
682 619 808 682 factum
824 636 903 694 esse,
927 616 1015 698 quod
1031 625 1065 680 et
1080 616 1150 678 sine
1165 615 1324 697 scriptura
1338 635 1359 678 a
1374 634 1441 678 non

293 729 511 799 militantibus
530 745 662 810 quoque
677 721 747 786 fieri
762 728 884 804 potest.
918 719 945 782 is
961 739 1039 802 ergo
1059 717 1165 796 miles,
1180 719 1223 782 de
1238 719 1330 782 cuius
1344 717 1442 782 bonis

292 835 380 916 apud
397 841 431 896 te
447 831 622 913 quaeritur,
642 827 668 890 si
691 823 881 890 convocatis
903 824 946 886 ad
968 822 1032 888 hoc
1053 821 1252 898 hominibus,
1274 831 1312 886 ut
1326 821 1441 886 volun-

292 947 398 1002 tatem
422 954 517 1000 suam
541 939 726 1009 testaretur,
751 930 799 994 ita
823 926 954 995 locutus
980 936 1039 1006 est,
1064 936 1101 990 ut
1125 925 1317 1002 declararet,
1341 946 1442 1009 quem

292 1039 393 1104 vellet
419 1038 482 1102 sibi
509 1056 581 1100 esse
608 1034 766 1100 heredem
797 1040 831 1096 et
860 1031 913 1094 cui
939 1029 1129 1094 libertatem
1153 1029 1304 1106 tribuere,
1330 1038 1442 1111 potest

292 1143 396 1206 videri
410 1141 482 1212 sine
497 1140 619 1222 scripto
633 1137 697 1202 hoc
713 1137 813 1200 modo
829 1155 901 1199 esse
916 1144 1056 1199 testatus
1066 1143 1100 1198 et
1114 1133 1269 1198 voluntas
1285 1134 1355 1198 eius
1370 1143 1443 1199 rata

292 1246 447 1318 habenda
461 1254 523 1310 est.
567 1253 713 1308 ceterum
729 1243 765 1319 si,
780 1248 818 1304 ut
833 1239 1029 1322 plerumque
1047 1238 1252 1302 sermonibus
1264 1237 1333 1302 fieri
1348 1237 1442 1316 solet,

294 1351 381 1414 dixit
406 1349 523 1414 alicui:
567 1352 647 1430 ‘ego
671 1355 705 1412 te
731 1345 887 1410 heredem
917 1341 1021 1408 sacio’
1052 1353 1109 1408 aut
1140 1343 1218 1408 “tibi
1247 1343 1337 1407 bona
1367 1363 1442 1407 mea

292 1451 461 1536 relinquo,'
488 1474 554 1518 non
583 1460 714 1534 oportet
743 1449 807 1514 hoc
836 1469 897 1531 pro
927 1456 1130 1513 testamento
1160 1447 1334 1512 observari.
1380 1468 1441 1514 nec

294 1558 435 1622 ullorum
458 1558 565 1640 magis
588 1556 724 1620 interest
747 1573 848 1637 quarn
867 1553 1022 1635 ipsorum,
1043 1553 1164 1635 quibus
1183 1552 1216 1616 id
1235 1552 1441 1634 privilegium

293 1665 410 1727 datum
438 1669 498 1742 est,
524 1660 686 1726 eiusmodi
709 1657 902 1740 exemplum
932 1677 998 1722 non
1028 1657 1181 1721 admitti:
1204 1656 1351 1739 alioquin
1375 1677 1442 1720 non

293 1767 468 1831 difficulter
491 1776 567 1849 post
592 1773 732 1829 mortem
756 1763 892 1827 alicuius
910 1761 1024 1826 militis
1049 1770 1151 1826 testes
1173 1762 1363 1836 existerent,
1385 1761 1442 1844 qui

294 1871 506 1936 adfirmarent
528 1892 564 1935 se
586 1869 717 1934 audisse
737 1868 904 1932 dicentem
926 1866 1070 1948 aliquem
1093 1865 1276 1948 relinquere
1293 1887 1329 1930 se
1344 1866 1441 1944 bona,

264 1977 347 2047 acui
372 1977 479 2040 visum
504 1975 556 2054 sit,
582 1984 616 2038 et
634 1993 693 2055 per
718 1971 780 2036 hoc
807 1971 927 2035 iudicia
950 1991 1030 2036 vera
1053 1968 1304 2036 subvertantur!
1350 1969 1442 2053 Quin

291 2081 397 2144 immo
413 2089 447 2145 et
467 2088 579 2144 mutus
599 2087 633 2142 et
655 2077 773 2141 surdus
796 2075 890 2139 miles
912 2083 1148 2140 testamentum
1169 2073 1277 2140 sacere
1291 2084 1441 2158 possunt.

264 2182 364 2270 3Sed
380 2183 540 2248 hactenus
555 2181 619 2246 hoc
639 2180 704 2244 illis
722 2200 743 2244 a
766 2177 1001 2262 principalibus
1019 2178 1311 2244 constitutionibus
1326 2198 1442 2244 conce-

294 2288 392 2366 ditur,
406 2295 569 2370 quatenus
585 2285 729 2349 militant
750 2293 784 2346 et
806 2284 840 2347 in
860 2284 976 2348 castris
990 2283 1135 2365 degunt:
1159 2292 1235 2366 post
1251 2283 1441 2348 missionem

293 2412 372 2455 vero
386 2391 532 2456 veterani
547 2388 601 2452 vel
617 2398 713 2454 extra
731 2397 839 2452 castra
862 2388 889 2450 si
912 2386 1034 2451 saciant
1052 2386 1161 2452 adhuc
1180 2387 1360 2452 militantes
1375 2397 1443 2452 tes-

294 2503 490 2569 tamentum,
506 2492 673 2557 communi
693 2491 842 2557 omniurn
862 2491 981 2555 civium
1005 2491 1233 2554 Romanorum
1252 2491 1320 2555 iure
1334 2490 1442 2557 iacere

294 2581 428 2660 debent.
479 2605 513 2661 et
536 2595 627 2680 quod
650 2596 683 2660 in
706 2595 820 2660 castris
840 2594 976 2658 iecerint
998 2603 1235 2658 testamentum
1259 2615 1326 2658 non
1352 2614 1443 2659 com-

294 2699 386 2762 muni
416 2699 494 2775 iure,
524 2698 583 2764 sed
618 2698 787 2781 quomodo
825 2697 996 2776 voluerint,
1026 2706 1102 2780 post
1135 2697 1326 2764 missionem
1356 2698 1443 2762 intra

294 2822 417 2866 annum
440 2811 571 2867 tanturn
592 2801 727 2866 valebit.
769 2801 850 2884 quid
874 2801 981 2884 igitur,
1004 2801 1032 2864 si
1055 2801 1141 2865 intra
1162 2821 1286 2865 annum
1307 2801 1442 2885 quidem

295 2907 480 2985 decesserit,
496 2906 646 2972 condicio
666 2915 778 2970 autem
801 2905 915 2970 heredi
938 2905 1102 2987 adscripta
1121 2915 1197 2988 post
1217 2925 1340 2969 annum
1357 2906 1444 2970 exti-

295 3009 395 3075 terit?
426 3031 470 3074 an
487 3011 582 3093 quasi
601 3007 715 3076 militis
734 3019 971 3076 testamentum
992 3009 1124 3076 valeat?
1156 3019 1189 3074 et
1209 3010 1319 3094 placet
1333 3010 1443 3075 valere

265 3113 389 3196 squasi
401 3113 522 3178 militis.
553 3112 621 3180 Sed
638 3122 672 3178 et
687 3114 714 3176 si
730 3114 803 3196 quis
817 3123 898 3178 ante
913 3113 1065 3178 militiam
1081 3134 1148 3178 non
1164 3113 1233 3178 iure
1248 3113 1325 3179 iecit
1340 3122 1443 3180 testa·

294 3229 445 3282 mentum
465 3227 499 3282 et
522 3217 616 3282 miles
638 3217 744 3282 iactus
767 3218 858 3282 etin
881 3218 1095 3300 expeditione
1117 3219 1242 3301 degens
1266 3218 1443 3301 resignavit

293 3321 375 3410 illud
392 3331 425 3386 et
440 3323 604 3404 quaedam
626 3321 748 3386 adiecit
766 3321 835 3386 sive
857 3322 1003 3386 detraxit
1025 3321 1078 3386 vel
1099 3321 1181 3386 alias
1201 3321 1378 3387 manifesta
1393 3330 1443 3386 est

295 3425 409 3496 militis
420 3425 573 3492 voluntas
588 3424 651 3489 hoc
666 3425 775 3492 valere
792 3426 943 3505 volentis,
959 3427 1135 3492 dicendum
1152 3435 1202 3491 est
1216 3427 1326 3492 valere
1341 3435 1443 3491 testa·

266 3538 445 3602 omentum
468 3528 562 3611 quasi
586 3549 631 3592 ex
656 3549 741 3593 nova
765 3531 878 3595 militis
903 3530 1086 3596 voluntate.
1131 3530 1284 3612 Denique
1306 3539 1341 3594 et
1363 3531 1390 3593 si
1409 3531 1443 3594 in

294 3633 544 3716 adrogationem
556 3632 655 3696 datus
670 3631 768 3698 fuerit
784 3634 879 3698 miles
893 3635 945 3698 vel
964 3635 1050 3698 filius
1064 3635 1206 3700 familias
1216 3634 1444 3717 emancipatus

294 3737 355 3812 ¹est,
367 3745 606 3802 testamentum
621 3737 692 3800 eius
707 3737 801 3820 quasi
815 3738 927 3801 militis
945 3759 989 3802 ex
1005 3757 1090 3801 nova
1100 3737 1273 3802 voluntate
1282 3739 1372 3802 valet
1384 3759 1444 3802 nec

295 3841 427 3918 uidetur
441 3840 558 3924 capitis
573 3838 800 3906 deminutione
818 3841 945 3906 irritum
961 3839 1041 3905 fieri.

265 3958 284 4012 u
340 3943 520 4010 Sciendum
535 3952 649 4008 tamen
665 3953 724 4022 est,
742 3945 832 4027 quod
856 3945 898 4010 ad
922 3943 1115 4028 exemplum
1136 3940 1310 4008 castrensis
1325 3941 1445 4024 peculii

295 4059 365 4112 tarn
387 4049 566 4112 anteriores
581 4046 673 4130 leges
691 4067 792 4130 quam
815 4046 1016 4131 principales
1039 4045 1290 4112 constitutiones
1310 4045 1444 4128 quibus·

332 4229 389 4296 §a
409 4229 453 4298 By
466 4227 536 4284 Cod.
549 4227 575 4283 6.
589 4241 632 4281 22.
647 4242 681 4281 ro
698 4227 736 4281 all
757 4226 827 4282 deas
844 4243 877 4281 or
894 4226 982 4281 dumb
1001 4225 1102 4297 people
1121 4226 1185 4280 who
1203 4225 1287 4280 could
1305 4225 1396 4296 speak
1413 4241 1446 4280 or

295 4311 373 4366 write
392 4328 465 4367 were
484 4310 607 4367 enabled
628 4319 658 4366 to
677 4311 761 4366 make
782 4327 800 4366 a
822 4309 885 4364 will.
931 4310 1057 4380 Perhaps
1077 4310 1125 4365 the
1145 4318 1203 4364 text
1225 4325 1324 4364 means
1346 4308 1407 4362 that
1427 4325 1446 4362 a

295 4394 401 4450 soldier
412 4395 475 4450 who
487 4412 548 4451 was
558 4394 628 4453 deas
636 4411 668 4450 or
681 4393 768 4449 durnb
781 4393 871 4464 might
887 4393 925 4449 do
943 4410 975 4449 so
994 4411 1064 4450 even
1076 4393 1115 4466 by
1128 4392 1206 4464 signs
1219 4409 1226 4448 ε
1244 4392 1287 4447 ior
1299 4389 1445 4461 analogice

296 4477 330 4534 ct
345 4477 413 4549 Dig.
426 4492 469 4550 ap
485 4493 510 4535 r.
525 4491 565 4552 ις.
581 4493 593 4534 r
608 4499 617 4546 ;
635 4493 678 4552 ²9·
692 4491 717 4550 7.
730 4479 756 4536 8.
768 4493 868 4562 «μμ.
881 4491 923 4534 21.
936 4493 979 4550 pr.
1036 4509 1040 4522 ·
