3312 5188
202 441 252 491 ra.
263 437 318 505 aa]
347 435 408 491 ns
424 434 784 492 oaaroarrowraus
798 436 1264 510 ponsrsrcowrnncru
1285 443 1351 514 445

204 599 324 665 iudicio
340 622 384 665 ex
398 600 450 665 his
466 601 572 667 causis
595 601 760 684 obligatus
781 611 842 667 est.
889 603 997 668 Heres
1016 625 1148 688 quoque
1164 605 1348 688 legatorum
1365 625 1382 679 5

204 706 337 769 nornine
353 727 419 769 non
435 706 566 788 proprie
584 726 627 770 ex
644 715 812 771 contractu
834 707 1000 792 obligatus
1016 708 1215 792 intellegitur
1230 705 1351 794 (neque

204 808 383 872 enimcum
403 808 525 874 herede
548 829 655 892 neque
675 829 751 874 curn
770 808 927 876 defuncto
948 811 1052 874 ullum
1071 813 1239 894 negotium
1261 812 1352 896 lega-

203 912 306 976 tarius
320 914 459 995 gessisse
471 914 600 997 proprie
612 914 676 979 dici
692 911 834 1001 potest):
857 925 890 980 et
906 925 1028 990 tamen,
1041 917 1118 1000 quia
1130 938 1174 980 ex
1191 915 1352 980 maleficio

204 1035 270 1080 non
288 1028 338 1083 est
353 1018 518 1102 obligatus
530 1019 635 1095 heres,
648 1019 742 1102 quasi
759 1041 802 1084 ex
819 1029 989 1086 contractu
1005 1021 1126 1084 debere
1142 1020 1351 1104 intellegitur.

205 1119 292 1184 Item
316 1123 351 1202 is,
374 1123 426 1186 cui
452 1123 526 1207 quis
550 1144 610 1206 per
632 1144 774 1189 errorem
799 1145 865 1189 non
892 1125 1041 1190 debiturn
1065 1124 1171 1205 solvit,
1191 1126 1284 1208 quasi
1308 1144 1383 1199 exe

203 1235 374 1290 contractu
391 1227 513 1292 debere
528 1228 665 1293 videtur.
703 1229 787 1294 adeo
811 1229 898 1294 enim
920 1251 986 1294 non
1007 1229 1209 1312 intellegitur
1223 1231 1352 1313 proprie

205 1349 249 1392 ex
272 1340 443 1396 contractu
466 1331 643 1414 obligatus,
666 1341 713 1409 ut,
736 1333 764 1396 si
787 1333 959 1398 certiorem
983 1333 1144 1398 rationem
1168 1354 1352 1416 sequamur,

204 1435 310 1515 magis
326 1443 363 1498 ut
374 1455 473 1517 supra
484 1435 630 1499 diximus
643 1456 686 1500 ex
702 1437 871 1513 distractu,
884 1457 984 1520 quam
1002 1457 1045 1500 ex
1062 1446 1231 1500 contractu
1248 1437 1352 1520 possit

205 1537 270 1601 dici
297 1538 463 1620 obligatus
484 1556 572 1603 esse:
595 1560 673 1604 nam
699 1541 755 1623 qui
777 1540 925 1605 solvendi
948 1541 1059 1606 animo
1084 1542 1257 1624 pecuniam
1283 1542 1350 1618 dat,

203 1641 237 1704 in
260 1641 322 1707 hoc
344 1644 423 1708 dare
437 1644 575 1722 videtur,
591 1653 628 1710 ut
651 1644 813 1710 distrahat
835 1647 944 1728 potius
966 1646 1135 1727 negotium
1156 1666 1257 1728 quam
1273 1666 1351 1709 con·

202 1745 322 1810 trahat.
367 1747 426 1810 sed
452 1757 566 1812 tamen
594 1749 733 1832 proinde
759 1749 786 1813 is
812 1751 868 1833 qui
898 1750 1026 1832 accepit
1055 1747 1229 1832 obligatur,
1259 1769 1297 1812 ac
1324 1751 1351 1812 si

203 1859 355 1914 mutuum
383 1851 429 1915 illi
455 1853 596 1931 daretur,
623 1863 657 1918 et
681 1855 756 1918 ideo
780 1855 987 1920 condictione
1011 1863 1151 1918 tenetur.
1198 1853 1254 1916 Ex
1280 1853 1382 1935 qui-7

202 1954 345 2020 busdam
371 1967 484 2020 tamen
512 1957 618 2023 causis
645 1959 749 2042 repeti
776 1980 841 2022 non
869 1967 990 2040 potest,
1016 1959 1105 2042 quod
1128 1978 1188 2041 per
1210 1977 1350 2020 errorem

202 2078 269 2122 non
291 2059 441 2124 debiturn
469 2059 613 2124 solutum
640 2061 693 2126 sit.
730 2063 776 2126 sic
798 2083 941 2145 namque
965 2062 1183 2126 definiverunt
1204 2071 1351 2124 veteres:

203 2182 247 2226 ex
270 2164 389 2247 quibus
411 2166 518 2230 causis
540 2165 712 2230 infitiando
735 2165 775 2230 lis
798 2169 922 2246 crescit,
938 2187 983 2231 ex
1004 2165 1056 2231 his
1079 2167 1184 2231 causis
1206 2187 1271 2228 non
1291 2165 1349 2229 de·

202 2267 310 2332 bitum
327 2267 472 2332 solutum
494 2271 598 2352 repeti
621 2290 687 2334 non
710 2291 817 2354 posse,
832 2270 935 2335 veluti
957 2292 1001 2335 ex
1022 2270 1095 2353 lege
1111 2269 1255 2352 Aquilia,
1271 2269 1350 2332 item

203 2391 247 2435 ex
263 2371 383 2456 legato.
419 2375 508 2457 quod
524 2383 651 2439 veteres
673 2375 808 2457 quidem
833 2376 866 2438 in
888 2375 939 2438 his
961 2375 1080 2458 legatis
1101 2373 1209 2437 locum
1230 2373 1353 2438 habere

201 2477 386 2557 voluerunt,
402 2499 487 2561 quae
508 2489 598 2544 certa
618 2481 798 2545 constituta
821 2500 880 2563 per
895 2479 1143 2543 damnationem
1159 2477 1353 2560 cuicumque

202 2579 333 2646 fuerant
353 2581 483 2666 legata:
505 2593 618 2648 nostra
640 2594 753 2648 autem
769 2583 961 2648 constitutio
983 2603 1057 2647 curn
1079 2602 1179 2646 unam
1201 2591 1352 2645 naturam

174 2687 357 2749 ·on'1nibus
386 2685 505 2770 legatis
532 2695 566 2750 et
593 2687 858 2752 fideicommissis
885 2686 1029 2761 indulsit,
1057 2685 1246 2749 huiusmodi
1272 2704 1353 2766 aug·

203 2801 353 2855 mentum
378 2792 410 2854 in
435 2791 588 2856 omnibus
609 2791 727 2875 legatis
743 2801 777 2856 et
798 2790 1061 2857 fideicommissis
1076 2791 1213 2853 extendi
1228 2789 1351 2853 voluit:

201 2895 261 2958 sed
285 2915 351 2959 non
374 2897 529 2960 omnibus
550 2896 718 2980 legatariis
739 2897 900 2980 praebuit,
917 2897 976 2960 sed
997 2895 1229 2960 tantummodo
1249 2894 1282 2957 in
1301 2893 1353 2957 his

201 2997 321 3083 legatis
341 3011 375 3065 et
402 3000 673 3081 fideicommissis,
699 3023 786 3086 quae
811 3001 1028 3066 sacrosanctis
1052 2998 1198 3064 ecclesiis
1220 2999 1353 3064 ceteris·

201 3123 267 3185 que
295 3104 536 3168 venerabilibus
565 3105 655 3184 locis,
678 3127 764 3188 quae
795 3105 961 3188 religionis
988 3104 1040 3168 vel
1066 3103 1200 3186 pietatis
1229 3102 1350 3168 intuitu

201 3206 467 3286 honorificantur,
487 3209 644 3274 derelicta
664 3221 750 3291 sunt,
770 3230 856 3294 quae
876 3210 904 3274 si
924 3209 1072 3274 indebita
1091 3208 1269 3284 solvantur,
1285 3227 1352 3272 non

201 3321 404 3394 repetuntur.

238 3577 295 3650 55.
316 3580 349 3633 In
363 3579 452 3636 Gaius
465 3580 492 3636 ii.
507 3593 540 3652 35
559 3582 616 3637 and
635 3582 677 3652 36,
690 3583 739 3638 the
750 3581 840 3638 aditio
858 3581 891 3636 oi
903 3581 952 3637 the
970 3579 1122 3650 hereditas,
1137 3580 1227 3634 which
1242 3589 1351 3634 creares

200 3661 257 3718 this
268 3662 536 3734 quasi-contractual
548 3666 667 3721 relation
679 3667 807 3722 between
820 3668 902 3722 heres
915 3666 973 3722 and
985 3664 1122 3734 legatarii,
1135 3664 1158 3719 is
1172 3663 1250 3719 itseli
1259 3662 1350 3718 called

200 3747 345 3818 obligatio.
381 3749 487 3805 Where
500 3749 548 3818 the
567 3767 612 3804 res
629 3750 723 3820 legata
741 3767 799 3805 was
816 3749 931 3820 specific
949 3758 1083 3820 property
1095 3748 1128 3804 oi
1142 3748 1191 3803 the
1210 3747 1351 3802 testator's

200 3849 272 3903 own,
285 3834 334 3889 the
346 3834 455 3904 legatee
468 3834 526 3889 had
538 3852 556 3889 a
568 3833 642 3905 right
656 3833 684 3888 in
697 3852 767 3900 rem,
779 3834 837 3889 and
850 3833 934 3889 could
946 3849 1062 3889 recover
1074 3832 1095 3890 it
1107 3833 1146 3903 by
1159 3830 1320 3888 vindicatio.

237 3915 294 3989 §a
315 3917 355 3973 cf.
371 3917 426 3972 Tit.
443 3932 483 3984 14.
499 3933 510 3972 1
526 3918 584 3972 and
596 3929 685 3988 notes,
700 3935 774 3989 supr.

237 3999 292 4073 §¹7.
312 4002 375 4057 The
393 4018 474 4056 cases
493 4001 526 4056 os
540 4001 574 4057 lis
593 4019 723 4057 crescens
742 4001 926 4058 enumerated
944 4001 982 4071 by
995 3998 1084 4056 Gaius
1102 3999 1131 4054 in
1149 3999 1185 4054 iv.
1199 4013 1217 4068 9
1229 3998 1286 4054 and
1302 4011 1348 4066 171

200 4101 249 4140 are
261 4085 310 4140 the
322 4085 449 4141 actiones
462 4084 586 4154 iudicati,
600 4085 717 4156 depensi
731 4085 809 4155 (note
822 4103 859 4140 on
870 4084 925 4140 Tit
937 4099 977 4139 20.
989 4102 1031 4156 pr.
1040 4083 1127 4154 supr.)
1141 4082 1237 4138 damni
1251 4081 1352 4137 iniuria

200 4184 236 4224 ex
247 4168 310 4234 lege
322 4167 445 4239 Aquilia,
456 4167 513 4224 and
526 4169 587 4223 that
600 4169 643 4222 sor
655 4169 703 4224 the
716 4186 849 4239 recovery
859 4167 893 4223 os
900 4185 918 4222 a
931 4168 1055 4237 legatum
1067 4183 1118 4237 per
1129 4163 1351 4220 damnationem.

200 4249 320 4308 Resides
333 4251 432 4306 claims
445 4251 488 4306 ior
499 4251 622 4322 legacies
635 4251 672 4306 ad
685 4251 747 4322 pias
760 4269 861 4307 causas
876 4251 929 4322 (ior
942 4250 1032 4305 which
1046 4250 1081 4305 ci.
1092 4249 1144 4304 ssk.
1155 4249 1189 4304 iv.
1201 4249 1226 4305 6.
1240 4263 1272 4318 19
1281 4247 1351 4318 ini),

199 4349 243 4390 we
251 4345 327 4390 must
337 4335 395 4390 add
407 4336 456 4390 the
468 4333 578 4389 actions
591 4351 628 4388 on
642 4334 802 4406 depositum
812 4333 972 4390 miserabile
982 4333 1059 4403 (note
1069 4350 1106 4388 on
1117 4331 1171 4386 Tit.
1186 4347 1225 4399 14
1237 4347 1253 4401 3
1263 4329 1350 4402 supr.)

198 4415 254 4478 Bk
266 4413 304 4477 ir.
315 4417 343 4474 6.
356 4419 391 4474 26
408 4417 470 4488 inl.;
486 4436 523 4473 on
541 4436 560 4474 a
577 4418 655 4474 bond
673 4419 769 4474 whose
787 4417 974 4490 authenticity
986 4416 1010 4472 is
1026 4416 1130 4472 denied
1146 4416 1185 4486 by
1197 4417 1245 4472 the
1263 4415 1351 4486 givet,

198 4500 279 4564 ’'m-
291 4501 336 4563 18.
462 4503 556 4561 nuder
573 4519 653 4558 some
672 4501 891 4558 circumstances
910 4504 959 4558 the
978 4500 1053 4557 actio
1071 4499 1263 4568 redhibitoria,
1284 4498 1348 4570 Dig.

461 4650 466 4659 Ι
532 4605 551 4642 n
565 4585 628 4658 why
641 4585 783 4642 condictio
798 4584 916 4642 indebiti
936 4585 959 4640 is
977 4583 1115 4642 excluded
1133 4583 1162 4640 in
1175 4584 1256 4640 these
1269 4599 1350 4640 cases
