3266 5188
209 423 303 492 Tira]
320 422 434 495 QUOD
443 422 536 478 CUM
540 422 597 477 EO
610 421 686 493 QUI
693 421 914 477 INALIENA
924 423 1010 479 POT
1007 424 1252 492 ESTATE,ET
1251 425 1282 481 C.
1295 429 1359 502 559

207 586 381 652 tributoria
404 587 541 668 expedit
564 607 671 669 agere,
699 587 800 652 modo
826 588 869 651 de
895 587 1024 670 peculio
1048 598 1082 653 et
1109 589 1143 652 in
1165 611 1235 654 rem
1253 612 1358 656 verso.

206 691 381 756 tributoria
410 691 485 754 ideo
511 691 650 772 expedit
678 711 785 773 agere,
811 691 889 773 quia
915 691 948 754 in
979 713 1018 756 ea
1048 691 1174 756 domini
1204 695 1356 758 condicio

207 794 383 876 praecipua
400 803 541 868 nonest,
558 794 591 856 id
613 803 663 856 est
681 795 770 876 quod
787 795 922 858 domino
938 795 1077 859 debetur
1092 816 1157 859 non
1174 797 1357 872 deducitur,

207 898 267 961 sed
286 898 433 961 eiusdem
455 897 532 961 iuris
552 907 603 962 est
623 897 786 973 dominus,
810 897 901 962 cuius
923 906 956 962 et
980 900 1078 962 ceteri
1099 900 1297 964 creditores:
1321 910 1358 966 at

208 1002 241 1064 in
256 1001 389 1064 actione'
408 1001 451 1064 de
471 999 600 1082 peculio
620 1010 698 1065 ante
714 1000 887 1065 deducitur
902 1002 992 1083 quod
1011 1003 1147 1066 domino
1168 1003 1307 1066 debetur
1323 1013 1357 1068 et

207 1104 240 1167 in
271 1104 304 1168 id
335 1104 425 1187 quod
461 1103 623 1187 reliquum
657 1115 708 1169 est
737 1104 890 1168 creditori
920 1105 1075 1168 dominus
1105 1106 1353 1170 condemnatur.

207 1227 316 1270 rursus
342 1207 386 1272 de
411 1207 540 1290 peculio
566 1208 642 1271 ideo
669 1209 807 1291 expedit
830 1228 937 1290 agere,
965 1210 1055 1291 quod
1082 1209 1115 1271 in
1138 1208 1201 1272 hac
1227 1209 1358 1274 actione

206 1311 310 1375 totius
325 1311 443 1392 peculii
459 1311 542 1375 ratio
561 1311 709 1387 habetur,
726 1321 761 1376 at
780 1311 813 1374 in
833 1312 1007 1376 tributoria
1023 1313 1092 1376 eius
1111 1321 1251 1388 tantum,
1267 1313 1356 1396 quod

208 1415 405 1497 negotiatur,
432 1424 466 1478 et
496 1423 607 1497 potest
636 1415 774 1498 quisque
804 1415 902 1480 tertia
926 1414 1010 1479 forte
1036 1425 1129 1498 parte
1155 1416 1274 1500 peculii
1299 1425 1358 1481 aut

207 1527 325 1599 quarta
350 1517 403 1583 vel
430 1518 531 1582 etiam
556 1519 692 1582 minima
714 1520 884 1602 negotiari,
907 1519 1065 1582 maiorem
1087 1529 1200 1582 autem
1227 1528 1356 1602 partem

206 1621 240 1683 in
262 1622 406 1703 praediis
431 1632 464 1686 et
489 1622 659 1704 mancipiis
685 1630 743 1686 aut
769 1621 893 1686 fenebri
920 1622 1059 1704 pecunia
1082 1621 1213 1686 habere.
1258 1633 1356 1705 prout

206 1744 285 1806 ergo
301 1725 447 1807 expedit,
464 1726 510 1789 ita
530 1725 669 1808 quisque
689 1726 742 1790 vel
764 1725 850 1789 hanc
868 1727 1032 1789 actionem
1053 1725 1106 1790 vel
1127 1723 1217 1788 illam
1234 1726 1356 1808 eligere

206 1828 324 1892 debet:
348 1838 436 1892 certe
451 1829 507 1911 qui
530 1839 642 1912 potest
662 1829 801 1911 probare
823 1831 857 1893 in
884 1849 953 1892 rem
973 1829 1097 1892 domini
1117 1849 1247 1892 versum
1272 1849 1354 1903 esse,

205 1931 304 1994 dein
331 1953 400 1995 rem
423 1953 517 1996 verso
543 1953 641 2015 agere
670 1934 779 1998 debet.
839 1932 936 2016 Quae
961 1933 1107 1996 diximus
1131 1933 1174 1995 de
1200 1953 1294 1996 servo
1318 1943 1385 1998 et6

205 2034 349 2114 domino,
376 2037 492 2100 eadem
520 2036 741 2119 intellegimus
767 2044 801 2100 et
826 2037 869 2100 de
895 2035 962 2100 filio
990 2045 1022 2100 et
1053 2035 1120 2100 filia
1146 2045 1204 2100 aut
1231 2046 1352 2118 nepote

206 2145 240 2200 et
263 2148 372 2221 nepte,
391 2149 486 2221 patre
506 2161 611 2204 avove
629 2140 720 2203 cuius
741 2139 774 2203 in
795 2148 962 2222 potestate
983 2148 1068 2203 sunt.
1115 2139 1202 2202 lllud
1222 2141 1385 2221 proprie?

204 2251 352 2305 servatur
377 2243 410 2305 in
438 2263 550 2306 eorum
577 2263 727 2326 persona,
753 2245 843 2326 quod
869 2252 1001 2306 senatus
1025 2242 1212 2307 consultum
1240 2243 1354 2306 Mace-

205 2345 385 2410 donianum
401 2346 569 2429 prohibuit
590 2357 722 2411 mutuas
742 2348 896 2430 pecunias
911 2348 982 2412 dari
1003 2348 1130 2428 eisqui
1151 2347 1184 2410 in
1206 2348 1352 2429 parentis

205 2458 300 2513 erunt
327 2459 512 2531 potestate:
545 2459 579 2514 et
609 2451 638 2514 ei
668 2453 724 2533 qui
751 2451 925 2515 crediderit
955 2451 1136 2532 denegatur
1164 2450 1252 2514 actio
1281 2459 1353 2516 tam

140 2551 145 2558 '
203 2554 361 2617 adversus
376 2555 484 2636 ipsum
501 2553 605 2617 lilium
621 2554 765 2618 filiamve
783 2562 939 2636 nepotem
956 2563 1141 2636 neptemve‚
1157 2554 1226 2618 sive
1243 2553 1352 2620 adhuc

204 2657 237 2718 in
253 2666 419 2739 potestate
439 2668 524 2737 sunt,
542 2659 611 2722 sive
629 2667 735 2721 morte
753 2658 897 2741 parentis
917 2656 968 2720 vel
992 2657 1254 2740 emancipatione
1273 2677 1353 2722 suae

203 2763 379 2842 potestatis
395 2781 467 2825 esse
482 2763 658 2845 coeperint,
674 2782 774 2844 quam
791 2762 948 2824 adversus
968 2770 1097 2843 patrem
1117 2782 1267 2836 avumve,
1284 2761 1354 2825 sive

202 2861 326 2928 habeat
342 2885 398 2928 eos
413 2865 520 2929 adhuc
539 2865 572 2928 in
589 2874 755 2948 potestate
773 2867 842 2930 sive
863 2866 1126 2948 emancipaverit.
1170 2887 1256 2948 quae
1277 2866 1354 2929 ideo

203 2976 336 3031 senatus
359 2969 538 3051 prospexit,
561 2969 638 3051 quia
657 2989 757 3051 saepe
779 2970 906 3034 onerati
928 2990 1005 3033 aere
1023 2969 1131 3033 alieno
1155 2970 1352 3034 creditarum

200 3197 317 3268 pointed
330 3210 379 3256 out
392 3201 420 3254 in
434 3202 481 3257 the
494 3218 615 3271 passage
630 3200 705 3256 cited
722 3211 751 3258 at
769 3203 817 3258 the
836 3203 892 3257 end
909 3203 942 3257 of
955 3213 1023 3258 note
1038 3221 1075 3258 on
1095 3201 1109 3274 ξ
1123 3219 1139 3272 3
1159 3221 1234 3274 supr.
1263 3203 1351 3274 Gaius

202 3282 250 3352 (iv.
264 3283 309 3353 74)
323 3284 419 3338 thinks
432 3285 480 3340 the
495 3285 599 3340 former
611 3285 728 3355 remedy
740 3303 772 3340 as
790 3303 808 3339 a
827 3287 885 3340 rule
903 3287 1060 3356 preferable
1079 3297 1110 3342 to
1121 3288 1170 3341 the
1183 3287 1274 3342 latter.
1310 3289 1352 3342 As
1393 3287 1398 3298 '

201 3382 272 3420 soon
285 3384 317 3421 as
330 3368 379 3422 the
396 3367 490 3422 action
510 3368 634 3423 selected
653 3368 710 3422 had
727 3368 851 3423 reached
867 3367 924 3422 litis
941 3367 1119 3436 contestatio,
1132 3369 1181 3423 the
1199 3370 1281 3424 other
1294 3387 1351 3424 was

201 3448 399 3518 extinguished
411 3468 448 3504 on
461 3461 581 3506 account
594 3451 628 3504 of
640 3451 688 3506 the
705 3450 825 3521 identity
838 3450 871 3505 of
883 3451 931 3506 the
949 3450 1106 3520 obligation
1120 3451 1211 3506 which
1224 3453 1291 3521 they
1304 3453 1351 3521 lay

172 3583 180 3594 ‚
202 3541 232 3586 to
247 3534 369 3603 enforce,
383 3534 448 3603 Dig.
467 3548 504 3600 14
518 3549 543 3600 4
558 3549 583 3603 9.
599 3549 622 3589 1.

237 3613 251 3686 ξ
265 3619 294 3670 8.
313 3618 368 3672 But
381 3617 430 3671 the
442 3616 645 3686 filiusfamilias,
659 3616 754 3672 unlike
767 3617 815 3672 the
829 3617 915 3685 slave,
929 3617 1013 3671 could
1024 3617 1062 3671 be
1074 3616 1144 3670 sued
1157 3615 1186 3671 in
1199 3634 1301 3687 person
1312 3634 1349 3672 on

199 3697 244 3754 his
258 3715 320 3754 own
333 3709 495 3767 contracts;
513 3701 556 3754 for
568 3702 616 3756 the
629 3700 712 3756 effect
728 3701 760 3754 of
768 3700 918 3771 judgment
935 3698 1087 3755 recovered
1104 3699 1215 3770 against
1227 3699 1287 3755 him
1301 3718 1350 3756 see

200 3797 237 3836 on
251 3781 306 3838 Tit.
322 3794 345 3851 5.
359 3798 374 3836 2
388 3800 462 3852 supr.
500 3782 671 3838 Sometimes
688 3793 737 3838 too
752 3800 770 3837 a
786 3800 853 3836 man
871 3799 929 3837 was
945 3781 1030 3837 liable
1047 3799 1085 3837 on
1097 3799 1115 3837 a
1127 3793 1254 3838 contract
1267 3785 1349 3840 when

199 3863 284 3921 made
295 3865 335 3935 by
344 3865 389 3921 bis
402 3883 463 3934 son,
472 3866 523 3920 but
535 3875 586 3920 not
596 3866 677 3920 when
688 3865 771 3920 made
781 3865 820 3934 by
830 3865 874 3920 his
885 3867 962 3921 slave
975 3884 981 3920 :
1001 3865 1069 3921 ‘sed
1078 3865 1102 3920 si
1116 3865 1188 3922 filius
1202 3865 1350 3921 fideiussor

199 3947 244 4002 vel
255 3947 335 4018 quasi
349 3947 521 4004 interventor
533 3959 667 4019 acceptus
681 3949 726 4018 sit,
736 3966 773 4003 an
783 3948 820 4003 de
833 3948 943 4019 peculio
956 3958 1066 4018 patrem
1079 3949 1185 4018 obligat
1198 3949 1348 4020 quaeritur.

200 4031 238 4085 Et
259 4041 303 4086 est
324 4048 391 4086 vera
413 4031 511 4086 Sabini
530 4042 557 4088 et
581 4031 673 4087 Cassii
696 4031 836 4087 sententia
858 4031 1079 4086 existimantium
1100 4049 1218 4104 semper,
1231 4031 1349 4105 obligari

198 4123 309 4184 patrem
322 4115 358 4172 de
370 4115 490 4186 peculio,
504 4124 531 4170 et
545 4115 650 4170 distare
663 4115 692 4169 in
705 4116 760 4171 hoc
773 4132 791 4170 a
803 4116 900 4170 servo'
913 4115 980 4185 Dig.
997 4127 1036 4185 15.
1053 4131 1072 4170 1.
1087 4131 1111 4184 3.
1126 4131 1150 4186 p

236 4195 250 4268 §
264 4201 291 4254 7.
310 4199 372 4254 The
385 4199 439 4253 last
452 4207 507 4253 two
520 4197 592 4254 lines
603 4198 635 4252 of
645 4198 701 4252 this
715 4197 823 4253 section
833 4198 899 4253 lend
912 4215 992 4254 some
1005 4199 1101 4253 colour
1114 4209 1143 4253 to
1157 4199 1204 4254 the
1217 4209 1295 4270 story
1307 4217 1349 4256 re-

197 4281 275 4336 lated
283 4281 321 4351 by
329 4280 512 4352 Theophilus,
521 4279 582 4337 tha't
595 4283 643 4337 the
658 4283 711 4337 SC.
724 4281 974 4350 Macedonianum,
983 4281 1075 4336 which
1084 4299 1141 4338 was
1149 4283 1255 4353 passed
1264 4282 1292 4337 in
1301 4285 1349 4340 the

197 4361 266 4418 time
279 4363 312 4418 of
320 4363 411 4420 either
424 4363 558 4419 Claudius
571 4381 604 4418 or
616 4363 784 4435 Vespasian,
794 4364 910 4419 derived
923 4363 959 4419 its
972 4381 1056 4419 name
1069 4364 1141 4419 from
1156 4382 1210 4420 one
1226 4367 1349 4420 Macedo

198 4447 262 4499 who
274 4446 441 4501 committed
453 4448 501 4502 the
515 4446 601 4502 cn'me
611 4447 643 4502 of
652 4446 791 4517 parricide
804 4447 833 4502 in
846 4447 929 4502 order
938 4457 968 4502 to
977 4446 1080 4503 relieve
1093 4447 1210 4503 himself
1218 4448 1291 4503 from
1303 4449 1348 4506 his

197 4527 351 4602 pecuniary
359 4529 520 4588 difficulties
527 4530 655 4604 ;cl.p.41
666 4547 741 4604 supr.
761 4531 824 4590 The
833 4539 996 4590 enactment
1005 4531 1114 4588 related
1122 4541 1151 4587 to
1159 4548 1197 4586 no
1206 4542 1348 4590 contracts
