3286 5144
317 420 381 494 350
449 485 451 490 Ι
521 411 872 470 INSTITUTIONUM
889 409 1008 466 LIBRI
1026 408 1263 482 QUATTUOR.
1349 410 1468 478 [urum.

316 582 405 647 facto
420 589 621 648 testamento
642 579 817 664 quisquam
840 577 1026 656 decesserit,
1040 597 1100 661 per
1115 575 1180 643 hoc
1201 586 1334 662 tempus
1356 576 1467 661 requi-

316 686 406 764 ritur,
421 707 487 768 quo
502 692 629 750 certum
645 704 717 749 esse
732 681 876 766 coeperit
891 679 1018 744 nullum
1034 702 1079 746 ex
1093 690 1294 746 testamento
1308 679 1466 746 heredem

316 798 527 855 extaturum:
552 796 623 852 tum
647 787 734 851 enim
755 785 885 870 proprie
906 785 1045 868 quisque
1066 785 1269 869 intellegitur
1289 785 1466 852 intestatus

316 893 505 957 decessisse.
541 892 632 974 quod
644 891 778 973 quidem
793 889 969 972 aliquando
985 889 1084 972 longo
1099 899 1248 973 tempore
1262 889 1466 959 declaratur:

316 996 350 1060 in
372 1016 439 1077 quo
461 994 569 1078 spatio
591 993 749 1076 temporis
776 1013 875 1076 saepe
896 992 1026 1069 accidit,
1046 1001 1085 1058 ut
1108 992 1311 1075 proximiore
1333 1003 1466 1059 mortuo

315 1099 489 1182 proximus
505 1119 577 1162 esse
592 1097 735 1180 incipiat,
753 1097 810 1180 qui
829 1096 990 1161 moriente
1007 1105 1167 1161 testatore
1186 1118 1252 1162 non
1270 1106 1340 1162 erat
1362 1117 1465 1180 prox·

287 1203 411 1267 timus.
467 1201 625 1282 Placebat
653 1208 765 1264 autem
788 1201 821 1264 in
844 1221 884 1264 eo
913 1221 1034 1284 genere
1055 1199 1340 1284 percipiendarum
1370 1200 1465 1266 here·

316 1307 460 1370 ditatum
483 1304 725 1368 successionem
748 1323 814 1368 non
837 1304 966 1382 esse‚id
982 1312 1092 1383 estut,
1108 1305 1258 1387 quamvis
1280 1304 1464 1388 proximus,

315 1411 372 1493 qui
395 1408 576 1474 secundum
599 1429 639 1474 ea
660 1429 746 1491 quae
767 1407 914 1472 diximus
935 1417 1072 1472 vocatur
1093 1408 1136 1472 ad
1158 1407 1385 1486 hereditatem,
1407 1418 1466 1474 aut

315 1514 473 1598 spreverit
498 1512 717 1577 hereditatem
741 1520 799 1578 aut
826 1520 1005 1595 antequam
1031 1512 1130 1577 adeat
1154 1512 1338 1592 decesserit,
1362 1513 1465 1578 nihilo

316 1617 423 1701 magis
451 1615 600 1700 legitimo
629 1616 698 1680 iure
728 1624 911 1699 sequentes
936 1613 1165 1681 admittuntur.
1225 1617 1314 1700 quod
1343 1617 1464 1682 iterum

315 1729 484 1804 praetores
499 1719 691 1802 imperfecto
706 1718 776 1784 iure
798 1717 998 1802 corrigentes
1014 1738 1080 1783 non
1096 1719 1128 1782 in
1145 1727 1254 1784 toturn
1269 1720 1340 1785 sine
1357 1721 1465 1788 admi·

316 1823 425 1888 niculo
441 1823 679 1906 relinquebant,
695 1823 753 1888 sed
777 1843 821 1888 ex
844 1831 1060 1906 cognatorum
1084 1823 1199 1889 ordine
1218 1845 1275 1890 eos
1289 1825 1463 1904 vocabant,

316 1937 432 2013 utpote
456 1927 667 2010 adgnationis
697 1927 766 1992 iure
796 1926 843 1992 eis
872 1925 1008 1992 recluso.
1061 1927 1120 1992 sed
1152 1949 1213 1994 nos
1239 1929 1319 1993 nihil
1348 1931 1465 1996 deesse

315 2031 554 2116 perfectissimo
583 2031 645 2094 iuri
675 2031 843 2114 cupientes
876 2039 988 2095 nostra
1019 2031 1254 2096 constitutione
1281 2033 1463 2110 sanximus,

315 2155 416 2218 quam
439 2135 482 2199 de
503 2121 571 2200 iure
593 2143 786 2219 patronatus
809 2133 1016 2198 humanitate
1040 2145 1237 2218 suggerente
1257 2135 1464 2220 protulimus,

314 2238 555 2303 successionem
571 2237 604 2302 in
619 2239 839 2322 adgnatorum
856 2236 1095 2302 hereditatibus
1118 2259 1183 2303 non
1207 2259 1278 2304 esse
1297 2240 1344 2306 eis
1364 2241 1465 2308 deue-

314 2342 469 2426 gandam,
488 2362 564 2406 cum
587 2343 667 2407 satis
689 2342 870 2407 absurdum
892 2350 970 2418 erat,
986 2342 1076 2424 quod
1099 2343 1249 2426 cognatis
1269 2364 1290 2408 a
1311 2351 1464 2427 praetore

315 2456 467 2530 apertum
494 2456 553 2524 est,
580 2445 644 2511 hoc
674 2448 828 2530 adgnatis
857 2467 930 2510 esse
956 2445 1126 2523 reclusum,
1153 2448 1301 2513 maxime
1327 2468 1402 2513 cum
1429 2449 1463 2512 in

315 2570 416 2614 onere
442 2550 576 2632 quidem
600 2549 779 2615 tutelarum
806 2557 840 2614 et
865 2550 973 2633 primo
996 2551 1101 2634 gradu
1126 2550 1299 2616 deficiente
1323 2572 1464 2636 sequens

315 2654 462 2718 succedit
485 2661 529 2730 et,
546 2655 636 2737 quod
659 2655 692 2718 in
715 2675 816 2720 onere
839 2653 1020 2739 optinebat,
1040 2675 1106 2720 non
1129 2665 1199 2722 erat
1222 2655 1256 2720 in
1278 2655 1370 2721 lucro
1391 2676 1464 2742 per-

315 2756 463 2821 missum.

285 2867 304 2924 8
358 2859 416 2925 Ad
447 2860 629 2945 legitimam
658 2862 898 2928 successionem
929 2864 1030 2930 nihilo
1061 2865 1168 2929 minus
1196 2873 1333 2930 vocatur
1363 2865 1465 2930 etiam

314 2984 442 3048 parens,
466 2965 522 3048 qui
548 2975 716 3032 contracta
742 2966 861 3032 fiducia
885 2967 989 3032 filiurn
1014 2968 1066 3032 vel
1093 2968 1204 3044 filiam,
1228 2977 1385 3052 nepotem
1410 2969 1464 3034 vel

315 3076 450 3151 neptem
466 3089 504 3133 ac
520 3069 676 3154 deinceps
699 3072 895 3154 emancipat.
939 3072 1028 3156 quod
1044 3093 1088 3136 ex
1103 3081 1214 3137 nostra
1229 3072 1464 3140 constitutione

315 3173 508 3238 omnimodo
537 3173 713 3252 inducitur,
744 3185 782 3240 ut
819 3177 1097 3260 emancipationes
1127 3175 1303 3241 liberorum
1333 3195 1465 3260 semper

314 3276 489 3342 videantur
518 3287 686 3344 contracta
721 3277 841 3344 fiducia
875 3279 953 3358 fieri,
983 3301 1058 3345 cum
1091 3281 1180 3364 apud
1214 3281 1367 3364 antiquos
1397 3299 1464 3344 uon

315 3377 412 3444 aliter
433 3379 497 3446 hoc
518 3383 702 3466 optinebat,
722 3383 784 3448 nisi
806 3383 991 3468 specialiter
1013 3393 1183 3450 contracta
1205 3383 1326 3449 fiducia
1345 3403 1465 3467 parens

315 3485 569 3551 manumisisset.

351 3715 365 3787 §
379 3719 405 3773 ⁷.
426 3717 483 3770 For
495 3715 543 3771 the
556 3717 610 3771 last
623 3715 695 3772 lines
707 3717 740 3772 of
748 3716 805 3772 this
818 3716 926 3774 section
940 3717 975 3773 ct.
988 3717 1041 3774 Bk.
1055 3716 1072 3774 i.
1088 3731 1119 3786 17
1132 3718 1190 3774 and
1203 3729 1285 3775 notes
1298 3735 1374 3790 supr.

350 3800 409 3866 §a
429 3797 530 3853 Under
547 3799 596 3854 the
614 3799 662 3854 old
680 3809 787 3869 system
800 3800 833 3854 os
846 3800 1056 3871 emancipation
1070 3801 1108 3871 (p.
1123 3815 1171 3870 137
1185 3801 1272 3874 supr.)
1291 3801 1316 3856 if
1330 3803 1378 3858 the
1397 3797 1464 3857 final

314 3879 519 3936 manumission
538 3882 571 3936 os
585 3882 633 3937 the
652 3883 729 3938 child
741 3900 798 3938 was
817 3884 902 3938 made
920 3884 958 3954 by
970 3885 1018 3940 the
1037 3883 1170 3940 fictitious
1184 3885 1301 3954 vendee,
1313 3885 1362 3941 the
1381 3885 1465 3942 latter

314 3963 484 4033 technically
495 3963 614 4019 became
633 3975 752 4036 patron;
771 3966 861 4020 hence
880 3965 901 4021 it
920 3983 978 4022 was
996 3968 1077 4022 usual
1095 3967 1138 4022 ior
1157 3967 1215 4022 him
1233 3977 1263 4023 to
1282 3985 1366 4038 agree
1386 3967 1464 4038 (con-

313 4056 405 4104 tracta
423 4047 537 4116 fiducia)
557 4057 586 4101 to
605 4048 673 4102 hold
692 4049 740 4104 the
759 4048 819 4104 iura
837 4059 1002 4120 patronatus
1021 4050 1050 4106 in
1068 4061 1140 4106 trust
1159 4051 1202 4106 fur
1216 4053 1265 4107 the
1283 4051 1383 4106 father.
1421 4051 1465 4120 By

316 4132 385 4187 Cod
399 4132 424 4186 8.
437 4145 479 4200 49
493 4130 519 4200 6,
531 4129 671 4200 Justinian
685 4121 812 4187 'enacted
828 4133 889 4188 that
909 4150 993 4202 every
1006 4133 1215 4204 emancipation
1233 4134 1324 4189 under
1341 4133 1386 4189 his
1402 4149 1465 4189 new

313 4216 386 4271 torm
405 4213 507 4270 should
525 4214 561 4269 be
579 4215 666 4270 taken
684 4225 714 4269 to
732 4215 769 4270 be
788 4215 872 4270 made
892 4216 982 4272 under
1003 4217 1073 4272 such
1094 4233 1111 4272 a
1132 4225 1203 4272 trust
1225 4225 1397 4288 agreement,
1416 4215 1465 4272 ie.

314 4297 416 4356 should
428 4299 501 4355 have
513 4299 561 4355 the
580 4315 659 4354 same
671 4297 777 4367 effecta,
790 4297 819 4354 in
835 4309 946 4370 respect
965 4299 998 4354 of
1008 4299 1212 4372 guardianship
1229 4301 1287 4356 and
1301 4297 1464 4356 succession

314 4382 435 4452 (subject
453 4391 483 4436 to
501 4383 583 4438 other
601 4381 797 4438 intermediate
816 4382 949 4452 changes,
969 4399 1017 4439 see
1035 4401 1073 4438 on
1092 4383 1146 4438 Tit.
1164 4397 1184 4440 1.
1202 4396 1232 4454 15
1247 4383 1334 4456 supr.)
1353 4399 1386 4440 as
1406 4381 1465 4438 itit

313 4465 371 4520 had
383 4465 457 4521 been
470 4465 590 4522 effected
602 4465 641 4537 by
652 4466 701 4522 the
713 4465 761 4522 old
773 4465 891 4524 method
904 4465 970 4522 with
983 4483 1020 4523 an
1033 4467 1126 4524 actual
1139 4465 1249 4524 fiducia
