3286 5144
272 437 337 500 402
469 425 819 484 rwsrrwrrowurr
836 425 956 480 arant
974 424 1209 497 QUATTUOR.
1296 425 1360 492 [ns.
1376 429 1423 477 nr.
1636 397 1638 470 l

241 595 392 660 6eadem
414 593 527 658 omnia
549 591 662 674 repeti,
679 612 765 674 qnae
787 590 961 673 stipulator
983 591 1193 674 expresserit.
1247 589 1333 654 Item
1350 588 1422 652 inu-

274 698 342 762 tilis
365 707 416 762 est
438 697 617 779 stipulatio,
640 696 668 758 si
690 696 733 759 ab
756 716 796 759 eo
816 695 990 777 stipuleris,
1012 696 1068 777 qui
1090 695 1150 758 iuri
1173 703 1232 758 tuo
1255 693 1422 757 subiectus

275 811 333 879 est,
355 801 408 866 vel
432 801 458 864 si
482 801 509 863 is
531 821 551 864 a
573 809 608 864 te
630 799 814 882 stipuletur.
851 799 909 863 sed
933 819 1044 862 servus
1067 799 1201 881 quidem
1225 817 1291 861 non
1314 796 1421 860 solum

274 905 411 968 domino
426 925 487 968 suo
506 903 644 986 obligari
668 923 733 966 non
756 911 876 985 potest,
893 903 952 967 sed
973 923 1016 966 ne
1037 902 1092 966 alii
1111 902 1247 984 quidem
1262 900 1339 964 ulli:
1363 899 1421 964 filii

244 1010 351 1072 tuero
374 1007 515 1071 familias
534 1005 607 1070 aliis
629 1005 768 1089 obligari
790 1016 936 1088 possunt.
983 1007 1116 1070 Mutum
1140 1025 1249 1087 neque
1271 1002 1421 1086 stipulari

275 1131 383 1192 neque
398 1110 590 1193 promittere
605 1129 702 1192 posse
718 1109 829 1192 palam
842 1118 901 1174 est.
933 1110 1022 1192 quod
1039 1118 1073 1173 et
1088 1110 1121 1172 in
1137 1110 1237 1172 surdo
1253 1115 1421 1189 receptum

275 1223 345 1278 est:
368 1214 445 1296 quia
473 1222 506 1277 et
537 1213 564 1275 is
589 1213 645 1295 qui
672 1212 847 1296 stipulatur
871 1214 971 1279 verba
997 1213 1221 1296 promittentis
1248 1220 1282 1275 et
1309 1213 1336 1274 is
1366 1211 1422 1292 qui

275 1317 440 1399 promittit
459 1317 561 1380 verba
583 1316 770 1398 stipulantis
791 1318 905 1381 audire
928 1317 1038 1381 debet.
1083 1318 1172 1380 unde
1192 1323 1331 1399 apparet
1352 1334 1419 1378 non

274 1420 318 1483 de
334 1441 374 1484 eo
390 1441 450 1483 nos
464 1419 556 1502 loqui
571 1420 627 1501 qui
643 1420 769 1483 tardius
786 1421 933 1496 exaudit,
949 1422 1008 1485 sed
1021 1421 1063 1484 de
1079 1441 1120 1484 eo
1134 1420 1190 1502 qui
1206 1419 1340 1482 omnino
1356 1438 1422 1481 non

245 1524 422 1587 8exaudit.
468 1523 624 1587 Furiosus
647 1522 773 1586 nullum
795 1523 963 1606 negotium
986 1543 1099 1606 gerere
1121 1531 1240 1608 potest,
1256 1522 1333 1604 quia
1356 1541 1422 1584 non

277 1786 325 1854 ita,
345 1787 482 1842 Kalendis
502 1785 640 1842 Ianuariis
660 1787 704 1842 vel
721 1785 881 1841 Februariis
902 1785 961 1841 dari
982 1785 1115 1857 spondes,
1137 1785 1255 1856 perinde
1273 1795 1317 1841 est
1342 1785 1423 1857 quasi

278 1870 416 1926 Kalendis
430 1869 590 1924 Februariis
603 1869 752 1940 stipulatus
765 1869 837 1923 sim'
852 1869 918 1939 Dig.
930 1885 947 1936 4
951 1883 972 1938 5.
990 1884 1012 1923 1.
1029 1884 1067 1924 12.

312 1956 327 2022 §
341 1958 368 2008 6.
389 1953 478 2009 Gaius
491 1969 557 2023 says
571 1952 620 2022 (iii.
636 1954 696 2022 104)
710 1953 770 2007 that
783 1969 801 2006 a
813 1969 916 2023 person
933 1953 962 2007 in
981 1952 1124 2024 mancipio
1142 1953 1301 2009 resembled
1314 1971 1332 2009 a
1345 1953 1423 2010 slave

276 2037 304 2092 in
317 2037 404 2106 being
416 2038 519 2092 unable
532 2047 561 2091 to
574 2037 654 2091 incur
665 2054 701 2091 an
715 2036 870 2106 obligation
883 2046 914 2091 to
925 2053 982 2106 any
994 2053 1057 2093 one.
1094 2037 1140 2091 All
1157 2038 1218 2092 that
1236 2035 1259 2090 is
1274 2047 1370 2092 meant
1385 2038 1424 2106 by

276 2123 324 2176 the
337 2130 394 2176 text
408 2120 431 2175 is
444 2121 505 2175 that
518 2121 645 2175 between
659 2119 797 2174 domestic
810 2119 937 2190 superior
949 2119 1007 2174 and
1021 2119 1135 2174 inferior
1147 2120 1226 2174 there
1240 2121 1323 2174 could
1335 2120 1371 2176 be
1385 2137 1422 2176 no

276 2203 366 2260 civilis
379 2203 514 2273 obligatio
525 2223 533 2270 ;
551 2204 601 2258 but
614 2203 664 2258 ifa
676 2212 757 2273 pater
769 2202 921 2272 stipulated
934 2203 1006 2256 from
1021 2202 1066 2257 his
1084 2219 1144 2272 son,
1158 2220 1190 2257 or
1203 2219 1220 2257 a
1232 2213 1339 2259 master
1351 2204 1423 2258 from

276 2288 320 2343 his
334 2289 419 2357 slave,
430 2288 478 2342 the
488 2304 540 2341 son
550 2304 583 2340 or
592 2288 669 2342 slave
679 2303 736 2340 was
745 2285 843 2340 bound
852 2285 860 2314 ‘
868 2287 1008 2355 naturally
1016 2288 1034 2352 3¹
1053 2287 1147 2356 ‘patre
1157 2303 1175 2340 a
1184 2286 1241 2340 filio
1251 2289 1295 2342 vel
1306 2286 1423 2342 domino

276 2388 294 2426 a
307 2388 389 2426 servo
402 2370 537 2441 stipulatu
549 2369 696 2424 fideiussor
709 2379 842 2439 acceptus
855 2372 979 2424 tenetur’
993 2369 1058 2439 Dig.
1068 2371 1112 2437 46.
1126 2385 1146 2424 1.
1160 2370 1199 2440 56.
1214 2385 1224 2424 1
1239 2391 1247 2437 ;
1265 2371 1301 2425 cf.
1314 2371 1371 2426 Tit.
1381 2387 1424 2425 20.

280 2469 291 2510 1
306 2455 372 2517 inf.;
392 2453 420 2508 in
433 2455 481 2509 the
495 2469 630 2507 converse
643 2469 708 2506 case
722 2451 743 2506 it
756 2468 848 2507 seems
861 2451 933 2506 from
948 2452 1014 2522 Dig.
1027 2454 1080 2508 loc.
1089 2453 1134 2508 cit.
1143 2453 1205 2508 that
1217 2471 1255 2507 no
1268 2453 1423 2524 obligation

277 2537 310 2591 of
318 2554 374 2606 any
386 2547 444 2592 sort
457 2535 587 2592 resulted.
627 2536 776 2590 Contracts
793 2535 878 2590 made
892 2536 931 2606 by
943 2554 960 2591 a
974 2535 1168 2592 filiusfamilias
1187 2536 1253 2592 with
1267 2539 1348 2592 other
1359 2555 1421 2608 per·

277 2637 344 2674 sons
363 2619 432 2675 than
450 2620 495 2674 his
513 2629 595 2690 pater
611 2618 709 2673 bound
727 2619 786 2673 him
805 2619 924 2675 civiliter
940 2620 1052 2690 always,
1070 2621 1115 2676 ‘et
1135 2621 1173 2675 ob
1189 2620 1219 2675 id
1237 2620 1282 2691 agi
1303 2639 1367 2676 cum
1387 2639 1422 2678 eo

277 2713 414 2774 tanquam
439 2720 504 2757 cum
528 2702 730 2772 patrefamilias
755 2704 863 2773 potest’
888 2703 955 2774 Dig.
974 2719 1018 2771 44.
1039 2717 1063 2771 7.
1081 2719 1134 2774 393
1158 2705 1208 2759 but
1229 2722 1247 2759 a
1268 2706 1345 2761 slave
1365 2723 1423 2762 was

275 2785 374 2840 bound
386 2787 452 2855 only
465 2785 629 2840 naturaliter
640 2786 678 2855 by
691 2796 832 2841 contracts
845 2805 917 2842 even
930 2787 996 2842 with
1009 2787 1143 2858 extranei,
1156 2788 1213 2843 and
1226 2790 1274 2844 the
1287 2789 1422 2860 obligatio

276 2869 407 2924 incurred
425 2870 463 2938 by
475 2885 512 2923 an
528 2877 678 2922 extraneus
695 2885 752 2924 was
771 2871 832 2924 also
847 2871 983 2926 naturalis
1002 2873 1076 2941 only,
1089 2889 1122 2926 so
1140 2873 1202 2928 that
1220 2873 1269 2927 the
1288 2872 1424 2928 dominus

277 2952 361 3007 could
377 2961 426 3006 not
446 2969 496 3006 sue
513 2967 589 3020 upon
602 2951 641 3006 it:
661 2951 711 3006 ‘ex
730 2953 920 3008 contractibus
934 2953 1030 3026 [servi]
1047 2955 1165 3010 civiliter
1177 2971 1235 3010 non
1252 2955 1425 3026 obligantur,

277 3034 328 3090 sed
341 3034 505 3090 naturaliter
517 3043 545 3090 et
558 3034 718 3104 obligantur
729 3045 757 3090 et
771 3036 912 3107 obligant'
926 3038 992 3108 Dig.
1005 3054 1047 3105 44
1062 3053 1087 3106 7.
1104 3055 1143 3106 14.
1175 3039 1247 3094 Civil
1266 3040 1421 3110 obligation

276 3119 404 3174 between
424 3117 626 3188 paterfamilias
644 3119 702 3173 and
722 3119 794 3175 tilius
813 3137 906 3176 seems
925 3131 954 3176 to
971 3124 1045 3178 have
1061 3124 1134 3178 been
1152 3125 1308 3194 prevented
1325 3125 1365 3194 by
1376 3125 1425 3180 the

276 3203 381 3258 latters
400 3212 474 3257 want
493 3201 526 3256 of
540 3201 715 3273 proprietary
733 3203 827 3272 right;
845 3205 926 3260 when
945 3207 994 3261 the
1014 3205 1174 3278 incapacity
1192 3225 1249 3263 was
1271 3210 1363 3278 partly
1381 3226 1423 3264 re·

276 3285 388 3354 moved‚
408 3287 457 3341 th'e
478 3285 537 3341 rule
558 3303 616 3340 was
635 3303 687 3356 pro
707 3297 786 3343 tanto
804 3287 888 3358 given
908 3307 954 3360 up,
975 3291 1032 3345 and
1052 3290 1081 3345 in
1103 3301 1214 3362 respect
1235 3292 1269 3346 of
1283 3292 1423 3362 peculium

277 3380 421 3424 castrense
442 3369 521 3425 there
543 3370 627 3424 could
651 3371 687 3426 be
709 3370 772 3426 civil
794 3372 949 3443 obligatior
974 3375 1031 3429 and
1055 3376 1259 3445 consequently
1280 3375 1419 3444 litigation

277 3453 404 3509 between
423 3455 519 3509 them:
539 3454 589 3510 ‘lis
607 3455 684 3510 nulla
703 3455 785 3511 nobis
804 3474 868 3512 esse
884 3467 978 3527 potest
995 3475 1060 3514 cum
1079 3476 1113 3513 eo
1132 3476 1216 3530 quem
1236 3459 1264 3516 in
1283 3470 1424 3531 potestate

277 3538 425 3605 habemus,
438 3536 492 3592 nisi
505 3555 540 3594 ex
552 3538 688 3594 castrensi
701 3540 828 3608 peculio'
841 3540 906 3610 Dig.
919 3553 941 3611 ς.
959 3557 981 3596 1.
992 3558 1009 3609 4
1021 3560 1028 3610 ;
1047 3543 1081 3598 cf.
1093 3542 1158 3612 Dig.
1176 3544 1216 3599 18.
1232 3557 1254 3602 1.
1266 3559 1341 3614 2.pr.
1355 3564 1362 3610 ;
1380 3558 1424 3612 47.

279 3635 304 3676 2.
319 3633 360 3690 52.
377 3622 439 3688 4-6.
486 3622 520 3676 In
538 3633 649 3692 respect
668 3622 701 3677 of
718 3623 859 3693 peculium
878 3624 1064 3681 adventitium
1083 3625 1140 3681 this
1160 3625 1314 3682 relaxation
1334 3628 1357 3684 is
1374 3639 1423 3684 not

278 3705 446 3775 recognised
459 3703 488 3760 in
500 3707 549 3761 the
561 3705 735 3762 authorities.

315 3789 373 3856 §a
392 3790 455 3844 The
476 3786 637 3859 incapacity
658 3788 691 3843 of
710 3789 831 3846 furiosus
855 3801 885 3846 to
907 3801 1034 3848 contract
1056 3791 1080 3848 is
1102 3791 1131 3848 in
1152 3793 1252 3864 reality
1272 3795 1363 3851 based
1387 3814 1424 3853 on

278 3869 439 3942 incapacity
457 3870 490 3925 of
504 3870 615 3941 willing,
635 3889 667 3926 or
685 3872 718 3926 of
731 3872 825 3928 action
844 3873 981 3945 entailing
999 3876 1072 3946 legal
1093 3893 1312 3949 consequentes,
1331 3881 1427 3936 rather

278 3953 349 4010 than
362 3971 399 4009 on
413 3953 505 4010 defect
518 3954 551 4008 of
564 3953 760 4024 intelligente:
780 3956 940 4027 ‘furiosum
953 3958 1012 4014 sive
1029 3959 1185 4031 stipuletur,
1199 3961 1258 4017 sive
1270 3963 1424 4033 promittat,

278 4035 349 4092 nihil
367 4053 452 4106 agere
469 4046 571 4092 natura
588 4037 770 4094 manifestum
782 4050 833 4095 est
873 4041 948 4096 Huic
966 4042 1109 4112 proximus
1127 4054 1180 4114 est,
1193 4056 1223 4100 ut
1242 4046 1369 4100 nondum
1387 4046 1427 4101 in·

279 4120 403 4190 tellegat,
416 4119 485 4190 quid
497 4129 606 4188 agatur,
618 4120 670 4175 sed
682 4122 759 4192 quod
772 4123 810 4178 ad
822 4123 897 4179 hunc
909 4124 1059 4194 benignius
1071 4137 1220 4197 acceptum
1233 4139 1284 4198 est,
1298 4145 1365 4184 nam
1378 4129 1425 4201 qui

279 4203 356 4274 loqui
369 4213 472 4274 potest,
482 4203 642 4259 credituret
652 4203 779 4274 stipulari
793 4217 821 4262 et
834 4207 997 4277 promittere
1009 4209 1109 4279 posse’
1123 4209 1188 4279 Dig.
1197 4225 1240 4278 44.
1251 4225 1274 4279 7.
1290 4227 1310 4267 1.
1323 4227 1353 4267 12
1367 4213 1425 4270 and

282 4301 323 4354 13,
337 4286 381 4340 ‘in
391 4285 512 4356 negotiis
526 4286 726 4342 contrahendis
739 4287 795 4344 alia
804 4305 891 4346 causa
902 4291 1001 4347 habita
1012 4303 1056 4348 est
1068 4293 1245 4365 furiosorum,
1255 4296 1312 4351 alia
1321 4313 1427 4367 eorum,

279 4367 327 4440 qui
340 4368 392 4424 fari
405 4379 532 4440 possunt,
545 4370 674 4442 quamvis
687 4381 782 4427 actum
795 4373 834 4429 rei
847 4391 904 4428 non
921 4375 1126 4446 intelligerent:
1148 4395 1216 4433 nam
1233 4379 1353 4436 furiosus
1366 4381 1429 4436 nul·

279 4451 339 4506 lum
360 4452 506 4521 negotium
525 4453 692 4510 contrahere
713 4465 815 4526 potest,
837 4457 960 4528 pupillus
981 4459 1077 4515 omnia
1098 4469 1190 4520 tutore
1208 4471 1323 4518 auctore
1343 4480 1428 4534 agere

279 4535 389 4604 potest'
402 4535 467 4606 Dig.
478 4551 521 4606 42.
533 4552 555 4592 1.
565 4549 589 4608 5.
626 4537 820 4610 Dispositions
833 4541 917 4598 made
929 4541 995 4614 bya
1006 4543 1127 4601 nriosus
1140 4543 1169 4600 in
1182 4562 1200 4602 a
1212 4546 1288 4602 lucid
1301 4558 1428 4604 moment
