3286 5144
182 391 238 442 Tit.
252 386 289 452 9.]
431 385 492 439 DE
511 385 725 441 BONORUM
741 385 1107 446 POSSESSIONIBUS.
1274 383 1338 470 365

181 571 332 634 quoque,
348 551 404 634 qui
424 560 513 616 recte
533 551 621 617 lacto
644 560 844 617 testamento
862 552 999 618 heredes
1019 555 1158 620 instituti
1180 566 1264 636 sunt,
1280 559 1340 624 dat

182 656 373 720 secundum
396 656 527 721 tabulas
548 657 711 720 bonorum
730 659 993 738 possessionem:
1015 660 1095 722 item
1116 660 1160 723 ab
1180 661 1338 725 intestato

183 780 268 824 suos
294 759 432 823 heredes
459 769 493 842 et
519 760 683 842 adgnatos
707 762 750 824 ad
774 761 933 824 bonorum
959 763 1199 844 possessionem
1222 773 1338 828 vocat:

183 863 250 926 sed
266 872 301 927 et
324 873 453 927 remota
471 884 603 946 quoque
625 865 787 927 bonorum
811 865 1016 946 possessione
1037 867 1080 929 ad
1100 887 1156 931 eos
1174 866 1340 931 hereditas

183 968 336 1050 pertinet
366 967 435 1030 iure
465 967 560 1031 civili.
620 965 715 1049 Quos
743 975 856 1030 autem
891 977 1023 1052 praetor
1052 969 1141 1032 solus
1170 981 1268 1034 vocat
1295 971 1370 1034 ad2

184 1069 422 1150 hereditatem,
437 1069 574 1135 heredes
590 1071 724 1154 quidem
741 1072 814 1154 ipso
830 1072 899 1135 iure
914 1093 980 1136 non
1001 1072 1084 1138 fiunt
1099 1070 1191 1158 (nam
1209 1083 1341 1156 praetor

186 1173 351 1239 heredem
381 1174 489 1239 lacere
519 1195 585 1238 non
618 1185 749 1256 potest:
784 1195 843 1256 per
873 1174 981 1257 legem
1012 1176 1099 1239 enim
1129 1185 1259 1240 tantum
1288 1175 1341 1240 vel

187 1279 335 1344 similem
351 1280 428 1342 iuris
449 1280 716 1343 constitutionem
735 1278 874 1343 heredes
895 1279 986 1358 fiunt,
1006 1280 1107 1344 veluti
1130 1301 1188 1363 per
1208 1289 1342 1344 senatus

187 1383 381 1449 consultum
397 1393 431 1448 et
450 1383 701 1448 constitutiones
722 1380 949 1468 principalesJ:
973 1385 1032 1447 sed
1053 1405 1127 1448 cum
1150 1385 1196 1448 eis
1211 1395 1343 1467 praetor

188 1487 252 1552 dat
282 1487 447 1552 bonorum
472 1487 723 1572 possessionem,
748 1486 821 1551 loco
846 1487 1006 1551 heredum
1036 1488 1280 1551 constituuntur
1308 1497 1343 1553 et

188 1600 355 1656 vocantur
379 1592 542 1655 bonorum
567 1611 781 1673 possessores.
820 1590 927 1654 adhuc
948 1599 1061 1654 autem
1088 1599 1121 1654 et
1145 1590 1227 1653 alios
1253 1611 1343 1654 com·

189 1695 305 1778 plures
319 1695 441 1778 gradus
456 1703 588 1778 praetor
606 1693 685 1758 iecit
705 1695 738 1757 in
758 1695 920 1758 bonorum
939 1693 1199 1776 possessionibus
1214 1693 1342 1770 dandis,

191 1801 275 1864 dum
306 1801 339 1864 id
370 1801 500 1883 agebat,
531 1819 573 1864 ne
614 1801 687 1882 quis
722 1801 792 1863 sine
825 1818 1010 1863 successore
1047 1797 1223 1860 moriatur:
1264 1817 1342 1860 nam

191 1905 436 1986 angustissimis
460 1903 580 1968 finibus
604 1905 819 1968 constitutum
840 1924 899 1986 per
920 1902 1027 1985 legem
1052 1901 1225 1964 duodecim
1248 1901 1343 1964 tabu·

192 2007 300 2072 larum
326 2010 377 2072 ius
404 2009 688 2092 percipiendarum
715 2008 936 2071 hereditatum
963 2014 1095 2088 praetor
1120 2026 1165 2068 ex
1194 2005 1283 2068 bono
1309 2014 1344 2068 et

194 2133 302 2196 aequo
325 2113 487 2178 dilatavit.
533 2113 620 2178 Sunt
642 2123 755 2177 autem
777 2113 939 2175 bonorum
962 2109 1187 2192 possessiones
1210 2129 1254 2172 ex
1276 2118 1374 2176 tes-3

192 2226 344 2282 tamento
370 2217 505 2301 quidem
531 2216 603 2282 hae.
644 2218 758 2299 prima,
785 2237 871 2298 quae
896 2214 1081 2299 praeteritis
1107 2211 1218 2276 liberis
1244 2213 1343 2276 datur

193 2329 394 2404 vocaturque
430 2331 544 2386 contra
581 2321 721 2385 tabulas.
773 2320 927 2397 secunda,
957 2338 1057 2400 quam
1087 2315 1240 2380 omnibus
1275 2315 1344 2379 iure

195 2426 324 2508 scriptis
339 2425 514 2489 heredibus
526 2434 658 2508 praetor
668 2423 841 2507 pollicetur
856 2423 995 2504 ideoque
1010 2429 1147 2484 vocatur
1161 2418 1343 2482 secundum

194 2529 337 2594 tabulas.
372 2539 405 2594 et
421 2549 497 2593 cum
513 2529 556 2593 de
571 2529 778 2593 testamentis
793 2528 881 2610 prius
897 2525 1025 2589 locutus
1037 2533 1098 2600 est,
1110 2524 1153 2587 ad
1170 2523 1345 2586 intestatos

196 2635 372 2698 transitum
394 2633 480 2698 fecit.
519 2641 552 2698 et
575 2634 682 2716 primo
704 2632 777 2695 loco
799 2631 866 2695 suis
888 2629 1063 2694 heredibus
1086 2636 1120 2692 et
1143 2627 1202 2702 his,
1224 2626 1345 2710 quiex
1421 2617 1424 2624 ’

196 2739 307 2804 edicto
333 2739 493 2822 praetoris
522 2739 589 2803 suis
619 2745 905 2812 connumerantur,
937 2733 996 2798 dat
1026 2735 1188 2797 bonorum
1219 2751 1347 2815 posses-

195 2843 323 2907 sionem
339 2863 424 2925 quae
438 2851 573 2907 vocatur
587 2842 675 2905 unde
690 2841 801 2904 liberi:
825 2840 970 2904 secundo
982 2837 1139 2920 legitimis
1149 2835 1346 2899 heredibusr

195 2947 296 3010 tertio
311 2947 426 3010 decem
442 2946 599 3030 personis,
615 2966 697 3029 quas
712 2955 872 3008 extraneo
892 2940 1119 3006 manumissori
1139 2938 1347 3025 praelerebat

196 3047 287 3138 (sunt
302 3059 415 3114 autem
431 3052 547 3114 decem
562 3070 721 3134 personae
736 3049 819 3114 hae:
846 3057 941 3134 pater
956 3057 1075 3123 maten·
1087 3066 1167 3108 avus
1182 3044 1255 3108 avia
1275 3052 1346 3106 tam

233 3258 290 3330 §a
310 3261 372 3316 The
393 3258 532 3330 principal
553 3275 634 3313 cases
654 3257 687 3310 ol
703 3257 843 3311 bonorum
863 3253 1006 3324 pmsessio
1028 3262 1127 3306 contra
1145 3252 1256 3308 tabulas
1274 3251 1348 3307 have

196 3344 270 3400 been
283 3344 398 3413 already
411 3343 528 3413 pointed
541 3352 589 3397 out
602 3359 639 3395 on
653 3341 704 3394 Bk.
719 3338 745 3393 ii.
764 3354 803 3406 13.
817 3353 833 3406 3
847 3354 922 3406 supr.
960 3335 1126 3390 Possession
1144 3335 1176 3388 ol
1183 3335 1274 3404 goods
1290 3351 1348 3389 was

197 3427 330 3483 awarded
342 3445 379 3482 on
393 3427 532 3494 intestacy
542 3435 572 3480 to
585 3424 662 3494 eight
676 3422 805 3476 different
815 3421 921 3474 classes
931 3419 963 3472 ol
972 3433 1098 3487 persons,
1109 3417 1138 3471 in
1148 3418 1196 3472 the
1205 3417 1349 3486 following

197 3511 281 3566 order
293 3511 327 3564 oi
334 3509 459 3581 priority‚
469 3510 541 3564 each
552 3507 638 3576 being
650 3506 753 3560 known
765 3504 804 3573 by
816 3520 835 3557 a
846 3501 986 3556 technical
1000 3515 1085 3555 name
1098 3499 1214 3555 derived
1225 3500 1298 3554 from
1312 3499 1348 3554 its

198 3595 280 3664 place
293 3594 322 3650 in
335 3595 384 3650 the
396 3593 491 3650 edict:

235 3677 274 3747 (1)
295 3677 388 3734 Liberi
404 3696 410 3733 :
429 3693 478 3732 see
490 3691 527 3732 on
540 3673 595 3730 Tit.
613 3687 635 3728 1.
648 3687 665 3742 9
678 3688 753 3741 supr.

235 3762 275 3832 (a)
297 3761 448 3831 Legitimi:
469 3777 516 3816 see
530 3776 567 3813 on
580 3758 636 3813 Tit.
653 3771 708 3823 nt
726 3771 801 3826 supr.
839 3754 873 3808 In
893 3749 1057 3807 succession
1075 3758 1106 3804 to
1123 3746 1278 3816 freedmen,
1291 3745 1349 3802 this

198 3845 273 3901 class
292 3843 436 3900 consisted
454 3841 602 3911 originally
615 3843 681 3909 only
694 3840 726 3893 of
740 3840 788 3894 the
807 3847 917 3908 patron,
935 3835 980 3890 bis
999 3832 1126 3890 children
1145 3833 1208 3886 who
1225 3831 1282 3886 had
1298 3840 1349 3886 not

198 3929 271 3984 been
285 3929 378 3998 capite
390 3926 500 3996 minuti,
513 3925 571 3980 and
584 3925 632 3981 the
645 3935 793 3994 patroness
807 3922 896 3977 :how
912 3919 933 3975 it
946 3935 1004 3974 was
1017 3917 1152 3972 modified
1165 3917 1204 3986 by
1216 3915 1265 3970 the
1279 3916 1349 3971 SC⁸.

199 4012 404 4070 Tertullianum
417 4011 475 4066 and
489 4009 658 4066 Orfitianum
670 4009 724 4062 has
735 4008 808 4062 been
821 4003 935 4060 noticed
948 4020 985 4058 on
998 4001 1068 4058 'lits
1083 4017 1099 4071 3
1112 4001 1170 4057 and
1181 4015 1199 4067 4
1211 4016 1287 4070 supr.

236 4095 275 4164 (3)
296 4097 406 4152 Decem
418 4111 559 4164 personae
572 4112 578 4148 :
598 4093 655 4148 this
668 4093 742 4146 class
754 4092 857 4146 relates
867 4089 933 4157 only
943 4097 973 4142 to
983 4086 1145 4142 succession
1158 4095 1188 4139 to
1201 4099 1238 4138 an
1251 4097 1348 4137 eman·

199 4178 310 4250 cipatus
324 4201 331 4247 ;
349 4179 440 4236 under
451 4179 500 4234 the
513 4178 561 4234 old
575 4179 637 4245 law,
650 4177 731 4230 when
744 4176 793 4230 the
802 4174 870 4229 final
882 4183 929 4228 act
946 4171 978 4226 ol
992 4168 1197 4225 manumission
1218 4183 1275 4222 was
1287 4183 1349 4236 per·

199 4262 310 4320 formed
322 4265 361 4334 by
373 4263 422 4319 the
434 4272 602 4318 extraneous
619 4259 727 4316 vendee
741 4259 778 4329 (p.
796 4272 843 4326 137
858 4255 953 4327 supra)
967 4255 1015 4309 the
1025 4255 1108 4309 latter
1120 4269 1177 4307 was
1189 4248 1350 4322 postponed

200 4346 239 4416 by
257 4347 307 4404 the
331 4357 444 4418 praetor
464 4355 495 4402 to
515 4345 552 4402 all
573 4345 622 4400 the
644 4342 807 4399 deceased’s
831 4340 967 4410 cognales
992 4338 1021 4392 in
1045 4339 1094 4394 the
1115 4333 1271 4406 ascending
1292 4331 1351 4390 and

201 4429 377 4498 descending
389 4429 462 4484 lines
474 4428 570 4484 within
584 4429 632 4484 the
645 4426 752 4482 second
765 4426 876 4495 degree.

238 4513 277 4585 (4)
297 4514 360 4570 The
373 4523 508 4584 cognates
520 4511 674 4582 according
685 4520 715 4566 to
727 4507 888 4582 proximity,
900 4505 956 4563 Tit.
970 4516 985 4576 5
999 4520 1073 4576 supr.
