3274 5152
293 401 357 471 272
494 393 846 451 INSTITUTIONUM
863 392 982 450 LIBRI
1001 393 1237 467 QUATTUOR.
1333 397 1398 464 [Lib.
1408 403 1442 456 11.

290 568 349 625 aut
370 561 515 626 secundo
529 561 583 626 vel
602 560 703 626 etiam
723 559 876 624 ulteriore
892 559 997 642 gradu
1020 557 1176 624 heredem
1195 559 1375 639 instituere,
1394 569 1441 641 ut,

291 664 319 730 si
342 665 558 730 creditoribus
579 665 660 728 satis
683 685 748 728 nou
771 663 839 742 fiat,
856 663 967 748 potius
989 664 1059 727 eius
1080 661 1210 730 heredis
1230 665 1319 730 bona
1338 685 1440 749 quam

289 767 391 852 ipsius
402 768 570 832 testatoris
585 789 605 832 a
620 767 835 832 creditoribus
847 768 1078 851 possideantur
1086 767 1138 832 vel
1153 767 1379 834 distrahantur
1386 769 1440 835 vel

289 871 445 937 intereos
460 872 657 936 dividantur.
691 893 751 955 pro
766 872 829 936 hoc
849 881 962 936 tamen
981 872 1191 936 incommodo
1206 871 1286 936 illud
1303 873 1333 936 ei
1349 893 1440 937 com·

289 976 427 1040 modum
447 985 641 1060 praestatur,
659 983 696 1039 ut
719 994 767 1050 ea,
783 995 869 1057 quae
890 983 966 1057 post
988 983 1128 1040 mortem
1150 975 1281 1059 patroni
1304 975 1354 1041 sui
1376 977 1439 1042 sibi

289 1079 488 1162 adquisierit,
511 1078 572 1162 ipsi
594 1087 816 1143 reserventur:
847 1085 881 1144 et
902 1077 1054 1161 quamvis
1078 1099 1144 1142 non
1164 1079 1329 1144 sufficiant
1350 1079 1439 1145 bona

288 1181 434 1247 defuncti
457 1182 682 1260 creditoribus,
702 1182 822 1246 iterum
849 1202 893 1245 ex
919 1201 959 1244 ea
980 1202 1079 1247 causa
1103 1202 1154 1247 res
1178 1183 1256 1260 eius,
1270 1203 1353 1266 quas
1375 1183 1438 1248 sibi

259 1285 487 1369 2adquisierit,
512 1307 579 1350 non
602 1296 756 1352 veneunt.
811 1285 870 1351 Sui
897 1295 1009 1350 autem
1039 1295 1074 1351 et
1100 1287 1273 1352 necessarii
1299 1287 1437 1355 heredes

287 1399 365 1454 sunt
387 1389 489 1454 veluti
513 1389 599 1454 filius
626 1389 692 1453 filia
718 1410 822 1472 nepos
848 1389 1023 1472 neptisque
1048 1409 1093 1453 ex
1123 1389 1191 1454 filio
1221 1399 1254 1454 et
1280 1389 1437 1475 deinceps

286 1494 386 1558 ceteri
412 1493 513 1571 liberi,
536 1494 592 1576 qui
609 1495 709 1558 modo
733 1492 766 1556 in
792 1502 958 1576 potestate
980 1493 1149 1559 morientis
1171 1492 1300 1572 fuerint,
1318 1495 1376 1559 sed
1399 1505 1437 1560 ut

287 1617 390 1680 nepos
416 1598 565 1680 neptisve
590 1597 639 1661 sui
665 1596 803 1661 heredes
827 1597 901 1675 sint,
927 1617 993 1661 non
1017 1597 1137 1662 sufficit
1163 1617 1239 1661 eum
1264 1618 1379 1663 eamve
1402 1599 1436 1663 in

286 1709 453 1784 potestate
467 1701 519 1765 avi
535 1701 649 1767 mortis
664 1709 813 1784 tempore
828 1701 936 1779 fuisse,
951 1701 1010 1765 sed
1025 1722 1109 1785 opus
1128 1711 1187 1778 est,
1205 1711 1242 1765 ut
1256 1711 1352 1785 pater
1366 1703 1435 1769 eius

285 1803 360 1868 vivo
374 1813 469 1887 patre
487 1825 547 1869 suo
566 1805 700 1870 desierit
720 1827 798 1871 suus
818 1804 913 1870 heres
933 1825 1006 1869 esse
1024 1812 1083 1869 aut
1106 1813 1213 1869 morte
1234 1806 1435 1891 interceptus

285 1918 343 1972 aut
358 1907 506 1991 qualibet
521 1907 586 1972 alia
602 1909 727 1972 ratione
748 1907 904 1972 liberatus
919 1915 1107 1991 potestate:
1128 1917 1207 1972 tunc
1226 1910 1314 1973 enim
1331 1929 1434 1993 nepos

286 2013 435 2094 neptisve
450 2011 483 2076 in
500 2011 609 2076 locum
625 2013 727 2095 patris
742 2011 792 2077 sui
807 2012 965 2076 succedit.
1005 2012 1064 2076 sed
1083 2011 1132 2075 sui
1147 2013 1281 2095 quidem
1296 2009 1435 2080 heredes

284 2113 361 2179 ideo
381 2115 596 2200 appellantur,
619 2117 697 2198 quia
717 2115 890 2180 domestici
908 2113 1047 2180 heredes
1070 2123 1148 2180 sunt
1166 2124 1200 2180 et
1214 2115 1289 2180 vivo
1303 2137 1434 2200 quoque

284 2227 378 2302 patre
399 2220 646 2302 quodammodo
666 2219 791 2284 domini
811 2219 1051 2284 existimantur.
1084 2219 1172 2283 unde
1192 2220 1301 2295 etiam,
1318 2220 1344 2286 si
1359 2219 1433 2304 quis

285 2431 436 2488 necessarii
449 2431 577 2502 heredes,
591 2431 736 2502 including
748 2432 808 2487 also
821 2449 839 2488 a
851 2431 909 2487 free
921 2447 1024 2502 person
1037 2431 1066 2486 in
1079 2431 1221 2502 mancipio
1237 2441 1267 2487 to
1279 2431 1347 2502 him,
1363 2434 1433 2503 who,

286 2514 422 2583 however,
435 2531 493 2570 was
510 2516 636 2584 entitled,
649 2515 705 2571 like
723 2515 775 2585 sui,
788 2525 818 2570 to
830 2515 879 2571 the
895 2515 1064 2571 beneficium
1082 2514 1252 2585 abstinendi,
1265 2515 1388 2571 referred
1403 2525 1432 2572 to

285 2596 314 2652 iu
328 2596 342 2668 ξ
357 2613 373 2652 a
386 2599 435 2655 inf.
455 2597 556 2670 (Gaius
576 2597 604 2654 ii.
626 2596 696 2668 160).
733 2600 774 2654 As
796 2615 916 2670 appears
940 2598 1012 2653 from
1037 2598 1093 2655 Tit.
1109 2609 1148 2668 15.
1166 2615 1206 2670 pr.
1220 2615 1305 2670 supr,
1329 2597 1351 2654 it
1375 2615 1433 2655 was

285 2683 366 2737 usual
378 2682 421 2737 for
438 2691 580 2752 testatore,
593 2681 617 2736 if
625 2683 693 2752 they
705 2681 763 2737 had
780 2683 829 2738 the
848 2683 919 2737 least
937 2699 1039 2737 reason
1051 2691 1082 2736 to
1098 2691 1212 2752 suspect
1224 2681 1298 2736 their
1314 2680 1432 2737 circum·

284 2773 397 2820 stances
409 2775 439 2820 to
457 2765 493 2821 be
510 2765 715 2834 embarrassed,
728 2775 758 2820 to
774 2764 891 2836 appoint
908 2781 962 2819 one
979 2781 1011 2820 or
1027 2781 1105 2820 more
1122 2765 1155 2820 of
1168 2764 1242 2820 their
1259 2781 1323 2819 own
1340 2766 1432 2821 slaves

284 2863 316 2903 us
329 2847 395 2903 final
414 2847 566 2918 substituti,
579 2849 709 2918 whereby
721 2849 788 2918 they
800 2865 873 2903 were
889 2847 977 2903 saved
995 2847 1067 2902 from
1084 2847 1223 2918 intestacy
1239 2847 1297 2904 and
1315 2849 1431 2919 posthu-

282 2941 365 2987 mous
384 2931 564 3002 insolvency:
584 2931 641 2986 and
659 2931 697 3001 by
710 2931 758 2987 the
777 2931 821 2986 lex
838 2931 921 2986 Aelia
934 2929 1032 2986 Seutia
1050 2931 1099 2987 the
1117 2941 1320 3002 testamentary
1333 2947 1431 2986 manu-

283 3013 401 3070 mission
415 3015 472 3070 and
491 3014 649 3070 institution
667 3015 700 3070 of
708 3031 726 3070 a
741 3015 818 3070 slave
831 3032 888 3070 was
907 3013 1026 3070 allowed
1037 3013 1081 3069 for
1096 3013 1153 3070 this
1171 3031 1293 3085 purpose
1311 3031 1383 3070 even
1402 3013 1431 3069 in

282 3097 410 3154 fraudem
429 3097 608 3166 creditorum,
628 3097 717 3153 Gaius
730 3097 747 3152 i.
761 3113 804 3165 21,
823 3097 895 3152 Cod.
907 3097 932 3152 6.
947 3109 988 3164 27,
1003 3112 1026 3152 2.
1066 3097 1166 3152 Under
1186 3097 1235 3152 the
1253 3097 1432 3168 bankruptcy

282 3192 390 3252 system
411 3182 503 3237 called
524 3181 650 3237 venditio
674 3181 813 3236 bonorum
836 3181 955 3250 (Poste’s
975 3179 1064 3235 Gaius
1077 3197 1105 3251 p.
1119 3193 1171 3248 340
1191 3179 1249 3234 and
1267 3179 1359 3248 notes)
1382 3181 1430 3235 the

282 3263 423 3336 bankrupt
445 3265 503 3320 had
522 3265 641 3320 become
658 3263 781 3334 infamis,
796 3264 846 3319 but
868 3263 896 3318 in
915 3263 1079 3334 Justinian’s
1098 3263 1167 3318 time
1185 3263 1252 3332 only
1271 3261 1430 3319 fraudulent

281 3349 459 3419 bankruptcy
471 3349 607 3420 operated
625 3349 699 3403 thus.
735 3349 798 3403 The
816 3347 875 3403 first
894 3357 974 3417 stage
991 3345 1020 3401 in
1039 3347 1109 3402 such
1126 3345 1313 3417 proceedings
1326 3361 1383 3401 was
1400 3357 1430 3402 to

282 3431 380 3486 obtain
393 3449 410 3487 a
422 3431 523 3487 decree
541 3431 614 3486 from
632 3433 680 3486 the
699 3441 812 3501 praetor
830 3431 863 3485 of
877 3429 975 3486 missio
993 3429 1022 3484 in
1041 3427 1251 3501 possessionem
1268 3429 1429 3499 (bonorum)

280 3513 321 3570 rei
335 3515 491 3570 servandae
508 3531 612 3570 causa:
631 3513 787 3584 ultimately
799 3515 848 3569 the
866 3523 1000 3584 property
1012 3531 1070 3568 was
1085 3511 1148 3569 sold
1165 3511 1193 3567 in
1210 3513 1265 3568 lots
1279 3511 1429 3584 (nouorum

282 3597 436 3667 distractio,
453 3599 568 3654 whence
588 3597 779 3652 distrahantur
800 3595 829 3651 in
850 3597 899 3652 the
921 3597 990 3666 text)
1013 3596 1071 3652 and
1088 3597 1137 3652 the
1156 3596 1293 3666 proceeds
1314 3595 1429 3651 divided

281 3697 386 3751 among
404 3682 452 3736 the
470 3680 607 3736 creditors
625 3678 778 3750 according
796 3689 826 3735 to
843 3679 918 3735 their
934 3679 1042 3750 proved
1061 3678 1160 3734 claims
1170 3697 1177 3746 ;
1194 3695 1244 3733 see
1264 3695 1302 3734 on
1324 3677 1375 3734 Blr.
1390 3677 1428 3734 iii.

283 3779 314 3818 12
328 3763 376 3820 inf.

275 3839 280 3848 '
315 3847 378 3902 'ibe
396 3843 530 3918 privilege
548 3845 639 3900 which
658 3861 676 3902 a
693 3843 869 3901 necessarius
887 3845 971 3900 heres
991 3844 1111 3915 enjoyed
1130 3843 1163 3899 of
1176 3844 1263 3914 being
1280 3843 1365 3898 liable
1386 3843 1430 3900 for

280 3929 329 3986 the
342 3932 482 3986 testator's
500 3929 583 3984 debts
603 3931 669 3999 only
681 3945 714 3984 so
732 3929 775 3983 far
793 3945 825 3983 as
844 3929 892 3983 the
910 3937 1001 3983 estate
1014 3937 1096 3996 went,
1109 3926 1133 3982 is
1151 3927 1242 3983 called
1259 3925 1428 3981 beneficium

281 4013 476 4084 separationis,
499 4011 584 4067 ‘item
609 4011 757 4067 sciendum
781 4022 825 4067 est
849 4009 1040 4067 necessarium
1064 4011 1199 4066 heredem
1226 4025 1338 4066 servum
1363 4027 1428 4065 cum

279 4095 409 4152 libertate
434 4095 592 4151 institutum
614 4093 765 4165 impetrare
789 4110 874 4165 posse
898 4093 1115 4165 separationem,
1138 4093 1245 4148 scilicet
1267 4103 1306 4162 ut,
1326 4091 1349 4147 si
1370 4109 1427 4148 non

278 4179 403 4250 attigerit
422 4179 498 4234 bona
516 4177 636 4249 patroni,
650 4177 678 4232 in
691 4194 726 4232 ea
744 4195 830 4232 causa
843 4177 887 4246 sit,
900 4187 930 4233 ut
950 4177 975 4233 ei
993 4177 1127 4249 quicquid
1145 4187 1245 4248 postea
1263 4175 1428 4247 adquisierit

279 4273 433 4332 separetur,
446 4259 497 4316 sed
515 4271 543 4316 et
562 4259 586 4316 si
601 4259 670 4331 quid
686 4260 712 4315 ei
728 4277 746 4314 a
762 4271 897 4316 testatore
916 4259 1048 4315 debetur’
1062 4259 1127 4330 Dig.
1143 4278 1166 4312 a.
1180 4259 1205 4314 6.
1222 4274 1244 4313 1.
1261 4259 1301 4314 18.
1338 4258 1427 4314 Gaius

279 4345 319 4414 (ii.
337 4343 397 4416 155)
411 4361 476 4414 says
489 4345 550 4399 that
563 4345 599 4399 he
612 4361 669 4398 was
682 4354 731 4398 not
744 4343 863 4398 entitled
875 4353 904 4398 to
916 4343 989 4414 keep
1001 4344 1045 4398 for
1060 4343 1177 4398 himself
1185 4341 1323 4413 anything
1335 4341 1427 4396 which

279 4429 288 4458 ‘
295 4427 321 4484 ei
334 4447 368 4483 ex
381 4427 551 4483 hereditaria
563 4445 650 4482 causa
662 4427 743 4482 fuerit
756 4426 947 4498 adquisitum!

316 4511 373 4580 §a
401 4509 481 4566 With
505 4511 553 4567 the
578 4509 749 4582 description
771 4510 804 4566 of
821 4509 864 4566 sui
885 4527 917 4566 as
936 4507 1084 4567 domestici
1105 4508 1224 4566 heredes
1243 4508 1278 4564 ef.
1299 4508 1424 4576 Plautus,
