3274 5152
308 435 371 502 292
509 422 860 480 INSTITUTIONUM
876 421 995 477 LIBRI
1013 421 1250 494 QUATTUOR.
1348 423 1413 490 [Lib.
1423 429 1457 479 11.

307 589 431 656 facturn
446 599 682 656 testamentum
697 587 874 653 decesserit
889 595 1037 662 testator,
1054 607 1121 650 non
1140 595 1253 651 tamen
1271 586 1361 669 apud
1378 606 1455 650 eum

307 695 363 778 qui
386 693 481 758 heres
503 695 546 759 sit
568 694 639 758 dies
660 691 762 774 legati
785 691 901 754 cedere
923 689 1132 772 intellegitur,
1149 709 1224 754 cum
1247 689 1413 754 hereditas
1435 711 1456 754 a

306 799 418 880 legato
438 806 591 881 separata
609 797 652 860 sit
670 806 705 860 et
723 795 829 877 possit
843 814 903 876 per
917 814 993 857 eum
1009 813 1138 858 servum
1153 793 1238 857 alius
1252 791 1347 856 heres
1362 793 1455 871 effici,

307 902 334 964 si
365 901 462 983 priu's,
484 919 585 982 quam
614 899 704 962 iussu
735 897 861 961 domini
892 897 1000 970 adeat,
1024 897 1058 960 in
1087 895 1221 960 alterius
1252 905 1454 978 potestatem

308 1004 485 1070 translatus
514 1005 566 1077 sit,
592 1002 646 1066 vel
677 1003 896 1066 manumissus
925 1001 996 1083 ipse
1025 1001 1119 1064 heres
1148 1001 1303 1064 efficitur:
1335 1001 1455 1082 quibus

307 1109 436 1173 casibus
450 1106 531 1173 utile
546 1117 597 1172 est
611 1105 777 1190 legatum:
801 1106 920 1189 quodsi
936 1106 969 1168 in
985 1105 1104 1169 eadem
1120 1125 1219 1168 causa
1237 1106 1455 1186 permanserit

259 1221 294 1275 34
307 1221 342 1276 et
364 1211 452 1274 iussu
479 1209 627 1292 legatarii
661 1210 786 1283 adierit,
811 1210 979 1274 evanescit
1005 1208 1164 1292 legatum.
1209 1205 1303 1272 Ante
1325 1207 1454 1271 heredis

307 1314 547 1379 institutionem
577 1311 735 1378 inutiliter
762 1322 862 1377 antea
891 1312 1072 1394 legabatur,
1100 1310 1225 1374 scilicet
1250 1311 1327 1392 quia
1354 1320 1455 1375 testa·

308 1427 421 1482 menta
434 1418 502 1480 vim
526 1437 570 1480 ex
593 1415 799 1480 institutione
820 1415 980 1480 heredum
1000 1415 1166 1497 accipiunt
1186 1423 1220 1478 et
1238 1413 1282 1476 ob
1301 1413 1335 1476 id
1353 1413 1454 1478 veluti

307 1531 407 1602 caput
421 1530 521 1602 atque
536 1519 789 1584 fundamentum
805 1517 1007 1600 intellegitur
1026 1517 1128 1582 totius
1147 1517 1339 1581 testamenti
1361 1515 1454 1580 here-

307 1625 358 1689 dis
379 1624 552 1689 institutio.
596 1624 666 1705 pari
690 1625 815 1687 ratione
839 1643 899 1686 nec
924 1622 1059 1686 libertas
1080 1629 1158 1686 ante
1179 1620 1308 1684 heredis
1325 1621 1454 1685 institu-

307 1727 431 1792 tionem
447 1727 517 1791 dari
533 1735 673 1809 poterat.
706 1727 765 1789 sed
781 1726 859 1808 quia
875 1725 1004 1790 incivile
1015 1746 1087 1789 esse
1101 1725 1290 1807 putavimus
1305 1724 1454 1788 ordinem

306 1831 441 1914 quidem
456 1831 637 1913 scripturae
652 1829 744 1911 sequi
760 1825 863 1914 (quod
876 1840 910 1894 et
921 1829 983 1911 ipsi
998 1827 1186 1910 antiquitati
1201 1827 1455 1909 vituperandum

307 1935 413 2000 fuerat
423 1931 553 2020 visum),
565 1933 673 2016 sperni
689 1944 801 1998 autem
817 1935 985 1999 testatoris
996 1933 1219 1997 voluntatem:
1234 1951 1293 2014 per
1308 1941 1455 1995 nostram

306 2041 574 2105 constitutionem
598 2049 632 2102 et
653 2036 716 2102 hoc
735 2037 853 2102 vitium
874 2037 1132 2115 emendavimus,
1147 2045 1186 2100 ut
1206 2035 1304 2099 liceat
1323 2045 1358 2099 et
1376 2045 1455 2099 ante

305 2141 435 2207 heredis
464 2141 704 2207 institutionem
730 2150 765 2205 et
792 2141 877 2206 inter
900 2140 1026 2204 medias
1048 2139 1207 2203 heredum
1231 2138 1455 2203 institutiones

306 2245 452 2328 legatum
482 2245 664 2326 relinquere
694 2254 729 2308 et
760 2244 866 2308 multo
898 2243 1004 2326 magis
1035 2243 1232 2316 libertatem,
1256 2241 1349 2304 cuius
1378 2261 1455 2304 usus

258 2360 292 2415 35
306 2347 514 2413 favorabilior
540 2358 599 2412 est.
652 2347 732 2412 Post
757 2359 898 2412 mortem
922 2367 1055 2428 quoque
1076 2345 1206 2409 heredis
1226 2353 1285 2408 aut
1307 2343 1455 2427 legatarii

305 2453 403 2517 simili
419 2453 519 2516 modo
534 2451 693 2516 inutiliter
706 2451 897 2535 legabatur:
914 2451 1016 2515 veluti
1032 2451 1059 2513 si
1074 2449 1148 2532 quis
1163 2449 1210 2513 ita
1226 2449 1336 2513 dicat:
1361 2454 1454 2512 ‘eum

306 2557 401 2620 heres
424 2577 517 2619 meus
540 2565 688 2619 mortuus
710 2557 779 2631 erit,
796 2557 840 2620 do
861 2552 974 2639 lego:’
1005 2556 1085 2620 item
1106 2553 1228 2636 ‘pridie
1244 2573 1345 2635 quam
1360 2553 1456 2616 heres

306 2668 365 2722 aut
379 2657 556 2741 legatarius
577 2656 756 2723 morietur.'
801 2659 860 2723 sed
882 2658 981 2722 simili
1005 2657 1106 2721 modo
1127 2667 1161 2721 et
1176 2655 1239 2720 hoc
1252 2656 1455 2720 correximus

306 2761 498 2826 firmitatem
521 2760 709 2825 huiusmodi
732 2761 849 2845 legatis
879 2763 922 2826 ad
949 2760 1278 2825 fideicommissorum
1303 2759 1455 2822 similitu·

306 2863 418 2928 dinem
430 2873 645 2946 praestantes,
657 2884 699 2928 ne
714 2864 767 2928 vel
782 2866 816 2928 in
832 2863 895 2928 hoc
911 2884 987 2928 casu
999 2865 1143 2929 deterior
1158 2883 1256 2927 causa
1271 2861 1455 2944 legatomm

259 2984 293 3039 36
306 2989 406 3050 quam
429 2969 757 3032 fideicommissomm
780 2968 971 3034 inveniatur.
1015 2969 1147 3032 Poenae
1168 2987 1301 3050 quoque
1323 2967 1456 3030 nomine

306 3209 336 3254 to
355 3216 372 3254 a
390 3199 468 3254 slave
486 3197 519 3252 os
533 3197 581 3254 the
601 3197 744 3253 institutus
762 3198 820 3254 had
837 3198 911 3254 been
930 3198 1085 3270 supported
1101 3199 1140 3269 by
1152 3200 1200 3254 the
1215 3199 1386 3255 Sabinians:
1406 3197 1456 3252 the

308 3281 471 3337 Proculians
493 3280 560 3336 held
583 3280 603 3335 it
626 3279 692 3335 void
718 3280 746 3335 in
766 3280 857 3337 either
878 3298 964 3336 case:
991 3282 1104 3337 Servius
1127 3282 1302 3338 maintained
1324 3283 1385 3336 that
1407 3281 1456 3335 the

306 3366 425 3436 bequest
438 3381 495 3419 was
508 3363 708 3434 provisionally
723 3365 807 3434 valid,
821 3365 947 3421 whether
961 3365 1134 3420 conditional
1152 3383 1184 3421 or
1202 3375 1260 3434 not,
1273 3366 1323 3420 but
1336 3365 1455 3419 became

306 3448 372 3502 void
385 3447 410 3502 ir
417 3448 465 3504 the
478 3447 587 3516 legates
600 3464 658 3502 was
670 3447 699 3502 in
712 3449 761 3504 the
774 3448 926 3504 institutus’
939 3466 1034 3519 power
1046 3466 1083 3504 on
1101 3450 1150 3504 the
1167 3449 1229 3504 dies
1242 3447 1327 3519 legati
1341 3447 1455 3515 cedens,

307 3531 395 3587 Gaius
409 3530 437 3585 ii.
450 3545 510 3598 244.
547 3531 609 3586 The
629 3532 777 3586 Proculian
793 3531 864 3587 view
881 3549 938 3587 was
957 3532 1047 3587 based
1065 3549 1141 3602 upon
1161 3533 1236 3587 what
1256 3532 1280 3586 is
1297 3531 1389 3586 called
1407 3531 1455 3586 the

306 3617 403 3686 regula
416 3613 582 3684 Catoniana,
595 3615 717 3670 because
730 3615 752 3670 it
765 3632 823 3670 was
836 3615 967 3670 ascribed
986 3625 1016 3669 to
1032 3632 1087 3670 one
1105 3615 1138 3670 os
1150 3617 1199 3670 the
1213 3617 1300 3670 Catos
1314 3633 1320 3670 :
1341 3614 1455 3684 ‘regula

307 3698 466 3754 Catoniana
490 3697 531 3752 sic
555 3697 672 3764 definit;
697 3699 783 3768 quod,
805 3698 828 3752 si
851 3697 1013 3754 testamenti
1038 3698 1105 3754 facti
1131 3709 1259 3769 tempore
1283 3698 1454 3754 decessisset

306 3791 432 3849 testator,
447 3779 545 3835 inutile
566 3779 646 3848 foret,
659 3780 689 3834 id
710 3782 842 3850 legatum,
856 3780 1082 3852 quandocunque
1100 3781 1261 3849 decesserit,
1274 3797 1332 3836 non
1345 3781 1455 3836 valere’

307 3864 373 3934 Dig.
387 3878 430 3932 34.
443 3876 470 3930 7.
485 3877 506 3918 t.
544 3865 599 3918 But
613 3863 669 3917 this
683 3865 743 3918 rule
756 3863 806 3918 did
824 3873 874 3918 not
891 3864 977 3933 apply
990 3873 1019 3917 to
1032 3863 1205 3919 conditional
1218 3863 1349 3932 legacies‚
1359 3864 1455 3919 whose

305 3947 422 4016 validity
435 3963 492 4001 was
509 3946 601 4001 tested
614 3955 643 4001 at
656 3948 705 4002 the
717 3947 866 4002 fulfilment
879 3947 911 4002 ol
920 3947 968 4002 the
982 3947 1137 4016 condition,
1149 3947 1216 4017 Dig.
1229 3963 1245 4015 3
1249 3959 1272 4016 5.
1289 3962 1311 4004 t.
1324 3949 1367 4016 98,
1380 3963 1412 4001 or
1425 3957 1455 4002 to

305 4032 387 4086 those
400 4029 497 4088 which·
504 4047 576 4084 were
588 4029 671 4099 given
690 4047 725 4084 ex
744 4029 810 4086 die:
830 4029 1007 4086 ‘Catoniana
1025 4031 1123 4099 regula
1142 4047 1200 4085 non
1220 4031 1341 4100 pertinet
1364 4030 1401 4084 ad
1421 4047 1455 4084 ea

305 4114 407 4182 legata,
421 4129 540 4183 quorum
557 4111 618 4167 dies
633 4129 690 4167 non
707 4112 807 4168 mortis
825 4123 961 4184 tempore,
974 4113 1026 4168 sed
1043 4123 1107 4184 post
1126 4113 1234 4169 aditam
1251 4113 1327 4169 cedit
1344 4113 1455 4168 heredi·

304 4198 408 4251 tatem’
422 4194 489 4266 Dig.
503 4211 545 4265 34.
559 4209 584 4262 7.
598 4210 625 4264 3.

341 4280 355 4354 ξ
369 4284 419 4338 34,
439 4281 508 4338 Cod.
521 4281 547 4337 6.
561 4295 603 4350 23·
618 4295 669 4348 24:
689 4297 738 4336 see
750 4290 817 4336 note
830 4297 867 4335 on
880 4280 937 4336 Tit.
951 4295 983 4348 14
995 4297 1036 4352 pr.
1050 4297 1125 4351 supr.
1138 4281 1176 4336 ad
1189 4280 1247 4336 init.
1286 4281 1349 4335 The
1362 4279 1455 4335 words

305 4365 399 4438 ‘quod
411 4374 439 4420 et
455 4364 508 4435 ipsi
527 4362 687 4434 antiquitati
701 4363 918 4434 vituperandum
936 4365 1027 4419 iuerat
1039 4364 1147 4418 visum’
1159 4365 1247 4418 relate
1260 4373 1290 4419 to
1302 4364 1351 4419 the
1364 4363 1454 4418 whole

304 4460 447 4518 sentence,
460 4448 606 4504 ‘ordinem
622 4447 777 4518 scripturae
790 4447 879 4518 sequi,
892 4447 986 4518 sperni
999 4457 1094 4503 autem
1107 4446 1250 4503 testatoris
1263 4447 1455 4502 voluntatem.¹

341 4531 355 4604 t
369 4535 419 4589 85.
438 4517 527 4587 Gaius
540 4549 605 4608 says
616 4530 655 4602 (ii.
665 4529 728 4602 ²3²)
739 4531 801 4588 that
814 4549 831 4586 a
844 4531 944 4602 legacy
956 4529 1038 4586 ‘cum
1050 4531 1133 4586 heres
1146 4547 1226 4586 meus
1239 4529 1454 4586 morietur'was
