3152 5164
81 445 172 515 Tir.5.]
481 445 542 500 DE
561 445 814 501 LIBERTINIS.

619 648 678 713 IV.

515 824 565 874 on
589 824 782 877 ruoauurs.

122 971 284 1056 Ingenuus
307 970 334 1036 is
357 980 417 1048 est,
434 973 489 1054 qui
513 973 626 1037 statim
649 983 686 1038 ut
710 982 807 1036 natus
830 980 881 1036 est
902 970 986 1034 liber
1008 977 1067 1044 est,
1087 968 1155 1034 sive
1177 989 1222 1032 ex

78 1077 202 1141 duobus
219 1075 367 1160 ingenuis
390 1077 599 1140 matrimonio
623 1077 741 1155 editus,
756 1077 824 1139 sive
848 1096 892 1138 ex
910 1073 1078 1151 libertinis,
1094 1073 1162 1136 sive
1178 1093 1222 1136 ex

77 1180 178 1243 altero
192 1179 344 1244 libertino
359 1180 464 1244 altero
485 1181 637 1262 ingenue.
682 1180 739 1243 sed
756 1189 790 1243 et
806 1179 920 1260 siquis
936 1199 980 1240 ex
997 1187 1102 1241 matre
1118 1176 1223 1239 libera

77 1292 234 1358 nascatur,
253 1292 347 1366 patre
368 1303 472 1359 servo,
489 1284 649 1367 ingenuus
670 1282 772 1346 nihilo
796 1283 903 1345 minus
922 1282 1082 1344 nascitur:
1106 1300 1222 1362 quem-

77 1386 255 1449 admodum
282 1387 337 1468 qui
368 1407 412 1449 ex
442 1395 548 1450 matre
577 1385 680 1449 libera
707 1396 741 1449 et
768 1386 891 1449 incerto
921 1394 1014 1466 patre
1043 1393 1140 1446 natus
1163 1391 1221 1455 est,

76 1491 227 1570 quoniam
251 1489 351 1572 vulgo
376 1500 554 1572 conceptus
578 1499 638 1553 est.
682 1489 801 1553 sufficit
824 1497 936 1552 autem
962 1487 1100 1550 liberam
1125 1486 1224 1550 luisse

79 1601 214 1656 matrem
230 1613 270 1656 eo
286 1603 436 1676 tempore
458 1613 524 1675 quo
545 1593 697 1668 nascitur,
714 1591 790 1656 licet
809 1590 927 1655 ancilla
947 1591 1142 1673 conceperit.
1188 1599 1224 1653 et

79 1717 122 1758 ex
143 1697 303 1759 contrario
327 1697 354 1760 si
378 1696 481 1760 libera
507 1698 700 1779 conceperit,
717 1697 839 1759 deinde
861 1694 979 1759 ancilla
1001 1693 1089 1757 iacta
1108 1695 1223 1776 pariat,

77 1800 197 1883 placuit
220 1819 295 1862 eum
317 1801 373 1882 qui
396 1801 540 1863 nascitur
561 1799 700 1863 liberum
724 1801 822 1875 nasci,
839 1799 916 1879 quia
934 1817 1000 1861 non
1021 1795 1223 1861 debebcala-

78 1903 173 1964 mitas
203 1903 317 1966 matris
346 1904 376 1966 ei
406 1922 532 1980 nocere,
561 1904 617 1985 qui
647 1904 680 1966 in
710 1913 804 1966 utero
833 1911 893 1966 est.
937 1923 982 1964 ex
1007 1901 1058 1963 his
1085 1909 1118 1963 et
1142 1898 1223 1962 illud

78 2005 258 2086 quaesitum
286 2015 346 2080 est,
371 2007 398 2069 si
428 2005 548 2069 ancilla
580 2025 764 2088 praegnans
795 2005 995 2068 manumissa
1024 2005 1075 2081 sit,
1102 2003 1223 2067 deinde

76 2106 192 2170 ancilla
217 2117 334 2190 postea
359 2107 446 2173 sacta
478 2111 613 2192 peperit,
640 2109 778 2173 liberum
805 2129 847 2171 an
874 2127 1002 2170 servum
1028 2104 1155 2189 pariat?
1189 2115 1224 2170 et

78 2210 251 2273 Marcellus
266 2211 385 2294 probat
403 2211 542 2275 liberum
563 2213 672 2276 nasci:
696 2212 814 2276 sufficit
834 2211 921 2275 enim
943 2211 972 2273 ei
988 2211 1044 2291 qui
1060 2211 1093 2272 in
1109 2219 1223 2274 ventre

76 2323 128 2377 est
153 2313 288 2377 liberam
313 2324 452 2379 matrem
479 2314 531 2379 vel
558 2317 668 2380 medio
694 2326 844 2397 tempore
870 2313 1043 2377 habuisse:
1076 2313 1165 2395 quod
1189 2323 1223 2377 et

74 2437 187 2480 verum
203 2427 263 2481 est.
310 2416 394 2481 Cum
410 2429 521 2483 autem
540 2421 698 2503 ingenuus
718 2418 836 2501 aliquis
859 2427 955 2482 natus
971 2419 1024 2493 sit,
1040 2437 1105 2480 non
1121 2417 1222 2480 officit
1238 2419 1251 2474 l

74 2521 121 2584 illi
137 2523 169 2584 in
184 2522 340 2586 servitute
363 2522 461 2588 luisse
479 2531 513 2587 et
530 2533 646 2606 postea
666 2525 901 2588 manumissum
918 2542 1009 2586 esse:
1033 2521 1223 2604 saepissime

73 2629 163 2692 enim
178 2629 392 2694 constitutum
408 2639 459 2694 est
475 2629 638 2694 natalibus
655 2650 720 2693 non
736 2629 866 2693 officere
882 2628 1181 2691 manumissionem.

630 2881 671 2945 V.

506 3032 556 3083 ns
573 3031 793 3083 trasnruus.

119 3157 279 3222 Libertini
313 3165 398 3237 sunt,
428 3158 483 3240 qui
519 3178 563 3220 ex
599 3158 684 3220 iusta
720 3158 876 3221 servitute
910 3153 1102 3219 manumissi
1137 3161 1223 3217 sunt.

70 3263 288 3326 manumissio
310 3271 422 3325 autem
446 3267 497 3324 est
519 3260 611 3324 datio
633 3259 812 3324 libertatis:
837 3280 914 3324 nam
931 3259 1087 3342 quamdiu
1103 3258 1175 3339 quis
1191 3257 1225 3319 in

67 3458 170 3514 derive
183 3459 331 3514 colonatus
344 3458 415 3512 from
433 3455 568 3524 repeated
583 3455 759 3510 settlements
775 3456 807 3509 ol
816 3457 957 3511 homeless
971 3455 1028 3510 and
1046 3453 1225 3509 home-seck-

66 3544 121 3613 ing
133 3541 302 3597 barbarians
315 3541 344 3596 in
357 3541 405 3596 the
419 3542 532 3593 Roman
544 3536 704 3607 provinces.

106 3630 169 3681 Ἧι.
182 3629 238 3681 1v.
258 3625 320 3679 The
339 3624 392 3679 law
411 3639 442 3677 as
459 3620 552 3676 stated
570 3619 598 3675 in
618 3621 666 3676 the
686 3620 777 3676 words
797 3621 841 3676 ‘et
860 3639 895 3676 ex
913 3620 1055 3676 contrario
1071 3617 1224 3688 ...quiin

66 3721 153 3765 utero
166 3710 228 3780 est,’
240 3709 336 3764 unless
349 3709 397 3762 the
410 3705 487 3762 child
504 3722 561 3760 was
577 3704 731 3760 conceived
751 3703 779 3758 in
798 3704 890 3759 lawiul
904 3703 1038 3772 wedlock,
1052 3701 1076 3756 is
1094 3711 1226 3772 contrary

65 3806 100 3849 to
114 3794 165 3849 the
178 3791 315 3864 principle
328 3791 386 3846 laid
400 3789 484 3844 down
496 3789 535 3858 by
549 3786 640 3843 Gaius.
651 3787 667 3844 i.
682 3789 725 3843 88.
738 3802 773 3858 92
787 3786 851 3858 ‘qui
865 3785 1010 3858 illegitime
1020 3783 1225 3855 concipiuntur,

67 3885 179 3932 statum
194 3885 308 3931 sumunt
321 3893 355 3931 ex
368 3892 403 3930 eo
415 3883 551 3944 tempore,
565 3888 621 3943 quo
633 3881 804 3927 nascuntur:
819 3871 866 3942 qui
879 3869 1004 3941 legitime
1021 3867 1225 3938 concipiuntur,

67 3977 105 4014 ex
125 3957 322 4030 conceptionis
341 3959 487 4030 tempore'
502 3955 594 4011 which
613 3954 637 4010 is
654 3955 809 4010 confirmed
822 3956 861 4025 by
874 3953 989 4025 Ulpian,
1002 3971 1060 4023 reg.
1075 3965 1098 4022 5.
1115 3967 1154 4020 10,
1168 3951 1226 4007 and

70 4041 212 4096 Neratius
226 4042 255 4095 in
269 4041 335 4112 Dig.
351 4054 390 4111 so
409 4057 430 4096 1.
444 4055 468 4111 9.
496 4041 539 4110 By
552 4040 600 4094 the
613 4038 681 4094 time
694 4039 727 4093 oi
736 4039 848 4107 Paulus,
861 4039 999 4107 however,
1013 4036 1068 4092 this
1081 4034 1139 4090 had
1151 4035 1225 4090 been

66 4125 191 4192 altered,
205 4123 252 4178 ‘id
270 4123 346 4178 enim
366 4124 445 4178 lavor
463 4121 600 4178 libertatis
618 4121 761 4194 exposcit’
779 4139 833 4177 rec
848 4133 920 4178 sent.
934 4137 957 4177 2.
971 4135 1084 4189 241-3.
1121 4119 1225 4174 Paulus

66 4209 133 4263 also
143 4223 246 4276 agrees
256 4206 322 4261 with
335 4206 486 4260 Marcellus
497 4221 572 4276 upon
583 4205 630 4260 the
640 4205 771 4277 question
784 4205 827 4260 ior
836 4205 926 4260 which
936 4205 984 4259 the
994 4204 1098 4259 latter²s
1109 4201 1225 4272 opinion

65 4291 91 4346 is
106 4289 188 4346 cited
201 4307 207 4344 :
228 4287 339 4344 ‘media
354 4287 431 4343 enim
443 4299 572 4358 tempora
584 4287 705 4345 libertati
718 4289 862 4361 prodesse,
876 4305 933 4342 non
946 4304 1048 4342 nocere
1060 4285 1148 4342 etiam
1160 4301 1225 4356 pos-

65 4374 154 4428 sunt'
172 4373 226 4426 loc.
240 4371 287 4426 cit.

104 4461 130 4512 1.
154 4457 214 4510 For
226 4455 273 4510 the
286 4452 420 4524 meaning
432 4453 465 4508 os
474 4452 518 4508 ‘in
531 4453 665 4509 servitute
677 4454 763 4509 luisse
773 4455 780 4482 ’
792 4471 840 4509 see
853 4470 890 4507 on
903 4451 960 4508 Tit.
973 4467 999 4522 3.
1014 4464 1027 4522 5
1042 4469 1116 4524 supr.

102 4543 168 4596 ¹1¹1t.
182 4541 223 4595 V.
243 4540 286 4610 By
297 4537 386 4594 ‘iusta
398 4535 533 4594 servitus'
545 4535 569 4592 is
583 4547 679 4594 meant
692 4555 710 4594 a
722 4538 832 4607 slavery
845 4535 936 4591 which
949 4536 972 4592 is
985 4537 1058 4608 legal
1071 4553 1103 4592 as
1117 4535 1178 4591 well
1191 4551 1223 4591 as
