3274 5152
300 407 363 474 302
500 394 851 451 INSTITUTIONUM
868 393 987 448 LIBRI
1006 391 1243 463 QUATTUOR.
1343 392 1408 458 [Lib.
1418 398 1451 444 11.

270 563 479 646 {aliquando
509 560 640 625 heredis
670 559 849 641 aliquando
879 557 1028 640 legatarii
1054 555 1127 621 loco
1153 555 1348 620 habebatur.
1403 555 1450 618 Et

300 668 333 730 in
355 665 498 729 Neronis
519 665 653 746 quidem
676 662 881 744 temporibus
901 660 1067 723 Trebellio
1086 661 1240 723 Maximo
1258 668 1292 722 et
1307 658 1450 722 Annaeo

301 768 429 834 Seneca
445 768 633 832 consulibus
656 775 790 831 senatus
813 765 998 829 consultum
1015 763 1139 828 sactum
1155 772 1217 839 est,
1232 784 1300 846 quo
1315 772 1449 826 cautum

301 884 359 952 est,
375 883 421 950 ut,
436 873 463 935 si
479 870 644 934 hereditas
660 892 703 934 ex
719 869 964 935 fideicommissi
985 889 1084 932 causa
1099 867 1250 931 restituta
1266 867 1318 942 sit,
1335 887 1450 931 omnes

300 977 454 1054 actiones,
472 995 558 1057 quae
580 975 650 1038 iure
672 973 757 1038 civili
783 973 896 1038 heredi
920 981 954 1036 et
977 973 1010 1034 in
1032 971 1189 1035 heredem
1212 981 1450 1053 competerent.

300 1081 330 1143 ei
355 1089 388 1143 et
412 1081 444 1142 in
472 1099 547 1142 eum
574 1080 739 1153 darentur,
763 1078 814 1141 cui
842 1098 886 1140 ex
910 1076 1165 1140 fideicommisso
1188 1075 1340 1139 restituta
1363 1084 1450 1139 esset

300 1184 476 1248 hereditas.
528 1191 605 1265 post
628 1183 718 1263 quod
745 1191 880 1246 senatus
904 1179 1090 1244 consultum
1116 1187 1249 1261 praetor
1274 1179 1371 1242 utiles
1396 1198 1450 1241 ac-

300 1289 408 1352 tiones
424 1287 452 1350 ei
469 1287 551 1350 etin
568 1306 643 1349 eum
666 1286 722 1367 qui
741 1285 864 1366 recepit
884 1283 1102 1348 hereditatem
1124 1283 1217 1364 quasi
1239 1281 1352 1345 heredi
1368 1291 1401 1344 et
1417 1281 1450 1343 in

271 1391 462 1454 fiheredem'
481 1392 560 1454 dare
591 1389 709 1472 coepit.
766 1387 834 1452 Sed
867 1387 945 1470 quia
974 1385 1113 1450 heredes
1142 1386 1264 1467 scripti,
1291 1405 1365 1448 curn
1392 1396 1449 1449 aut

301 1503 408 1557 totam
438 1493 657 1556 hereditatem
687 1500 745 1554 aut
774 1511 881 1573 paene
910 1499 1016 1554 totam
1056 1488 1251 1570 plerumque
1280 1489 1450 1552 restituere

302 1597 509 1680 rogabantur,
525 1596 616 1658 adire
629 1595 849 1658 hereditatem
865 1594 908 1657 ob
924 1592 1051 1655 nullum
1066 1591 1118 1655 vel
1132 1593 1308 1654 'minimum
1324 1592 1449 1656 lucrum

301 1699 497 1764 recusabant
521 1709 622 1781 atque
637 1699 680 1761 ob
696 1699 729 1762 id
746 1697 1024 1780 extinguebantur
1039 1694 1312 1758 fideicommissa:
1335 1705 1451 1776 postea

300 1803 496 1886 Vespasiani
512 1801 658 1884 Augusti
681 1801 885 1882 temporibus
901 1801 1028 1881 Pegaso
1051 1807 1085 1862 et
1101 1799 1242 1862 Pusione
1264 1799 1451 1862 consulibus

263 1967 268 1978 ,
301 1915 436 1970 senatus
462 1905 599 1976 censuit,
627 1914 664 1967 ut
691 1903 729 1980 ei,
755 1903 812 1986 qui
837 1912 972 1986 rogatus
997 1911 1083 1964 esset
1109 1900 1327 1965 hereditatem
1358 1902 1450 1965 resti·

301 2019 402 2084 tuere,
428 2010 563 2090 perinde
594 2007 707 2072 liceret
733 2015 886 2089 quartam
916 2014 1046 2087 partem
1077 2005 1224 2078 retinere,
1252 2015 1354 2087 atque
1376 2005 1451 2087 lege

302 2113 448 2176 Falcidia
472 2133 516 2176 ex
539 2112 657 2194 legatis
680 2112 821 2176 retinere
845 2111 1046 2174 conceditur.
1091 2129 1135 2172 ex
1160 2109 1297 2192 singulis
1319 2129 1451 2192 quoque

221 2257 226 2268 ·
301 2217 406 2294 rebus,
421 2238 508 2298 quae
528 2235 587 2298 per
604 2215 894 2279 fideicommissum
915 2212 1148 2294 relinquuntur,
1171 2214 1288 2276 eadem
1312 2214 1452 2278 retentio

301 2320 460 2402 permissa
476 2330 536 2384 est.
581 2329 657 2402 post
679 2319 768 2401 quod
790 2325 924 2380 senatus
947 2315 1136 2380 consultum
1155 2316 1225 2398 ipse
1239 2315 1335 2380 heres
1351 2337 1451 2381 onera

301 2423 497 2486 hereditaria
534 2423 737 2485 sustinebat:
779 2421 834 2484 ille
870 2429 992 2498 autem,
1022 2419 1079 2501 qui
1116 2440 1160 2482 ex
1198 2419 1452 2484 fideicommisso

302 2527 424 2606 recepit
447 2535 576 2607 partem
598 2525 799 2602 hereditatis,
818 2523 966 2606 legatarii
991 2522 1142 2604 partiarii
1157 2521 1231 2587 loco
1254 2531 1331 2598 erat,
1348 2525 1381 2587 id
1401 2535 1452 2588 est

302 2629 372 2691 eius
387 2627 544 2710 legatarii,
558 2629 609 2691 cui
625 2647 699 2709 pars
715 2628 876 2690 bonorum
890 2626 1070 2709 legabatur.
1109 2647 1195 2708 quae
1210 2627 1335 2709 species
1350 2627 1452 2710 legati

303 2731 436 2814 partitio
465 2732 653 2809 vocabatur,
677 2731 754 2813 quia
784 2751 860 2794 cum
890 2729 1012 2794 herede
1041 2729 1220 2812 legatarius
1249 2731 1454 2812 partiebatur

301 2834 529 2897 hereditatem.
574 2835 662 2897 unde
680 2855 765 2917 quae
783 2833 934 2898 solebant
950 2833 1181 2916 stipulationes
1196 2834 1281 2897 inter
1294 2833 1451 2899 heredem

304 2948 338 3001 et
364 2938 556 3020 partiarium
582 2938 778 3022 legatarium
805 2937 978 3020 interponi,
998 2939 1134 3001 eaedem
1161 2938 1454 3020 interponebantur

303 3043 388 3104 inter
424 3061 509 3116 eum,
539 3041 596 3123 qui
633 3061 677 3104 ex
711 3040 966 3105 fideicommisso
997 3042 1121 3123 recepit
1158 3042 1386 3117 hereditatem,
1418 3053 1453 3108 et

302 3143 468 3221 heredem,
493 3145 526 3208 id
552 3155 602 3208 est
628 3154 664 3208 ut
689 3152 724 3208 et
744 3144 870 3208 lucrum
896 3155 930 3208 et
953 3146 1113 3208 damnum
1135 3145 1370 3210 hereditarium
1394 3167 1453 3228 pro

274 3257 376 3314 erata
391 3259 484 3330 parte
507 3247 591 3312 inter
609 3270 665 3312 eos
683 3269 858 3312 commune
882 3250 933 3312 sit.
980 3247 1070 3331 Ergo
1092 3250 1120 3312 si
1142 3249 1275 3332 quidem
1297 3271 1363 3314 non
1379 3251 1454 3332 plus

303 3372 403 3433 quam
422 3351 618 3416 dodrantem
637 3353 831 3417 hereditatis
852 3353 993 3434 scriptus
1015 3352 1110 3415 heres
1133 3362 1267 3436 rogatus
1290 3354 1333 3418 sit
1356 3355 1451 3441 resti-

302 3465 403 3530 tuere,
434 3465 512 3520 tunc
542 3477 585 3520 ex
616 3456 827 3520 Trebelliano
865 3447 999 3519 senatus
1036 3455 1187 3520 consulto
1217 3458 1452 3521 restituebatur

302 3559 469 3623 hereditas
492 3569 525 3624 et
547 3561 580 3623 in
596 3570 773 3643 utrumque
794 3560 940 3623 actiones
958 3559 1176 3623 hereditariae
1191 3581 1251 3643 pro
1270 3571 1341 3626 rata
1360 3571 1454 3644 parte

303 3663 486 3728 dabantur:
520 3665 553 3726 in
576 3663 732 3727 heredem
757 3664 892 3746 quidem
917 3664 985 3725 iure
1015 3662 1108 3736 civili,
1133 3663 1166 3726 in
1197 3684 1272 3727 eum
1296 3685 1373 3729 vero
1397 3667 1453 3748 qui

303 3767 481 3848 recipiebat
504 3766 723 3829 hereditatem
747 3786 791 3828 ex
814 3775 947 3828 senatus
968 3765 1117 3829 consulto
1136 3765 1347 3832 Trebelliano
1368 3777 1453 3831 tam·

303 3892 403 3954 quam
430 3872 463 3934 in
486 3870 651 3934 heredem.
705 3879 741 3934 at
771 3871 798 3932 si
823 3870 897 3952 plus
922 3891 1021 3952 quam
1047 3851 1243 3935 dodrantem
1270 3873 1322 3936 vel
1353 3875 1454 3938 etiam

303 3983 410 4038 totam
425 3974 644 4037 hereditatem
662 3974 833 4038 restituere
849 3983 984 4056 rogatus
1006 3975 1057 4048 sit,
1074 3974 1166 4038 locus
1186 3985 1255 4039 erat
1271 3976 1455 4059 Pegasiano

304 4088 438 4142 senatus
461 4077 620 4155 consulto
649 4087 682 4140 et
706 4077 809 4156 heres,
827 4080 883 4160 qui
909 4077 1011 4141 semel
1036 4079 1153 4142 adierit
1177 4077 1405 4159 hereditatem,
1427 4083 1455 4146 si

305 4183 405 4246 modo
430 4203 489 4246 sua
514 4181 687 4246 voluntate
713 4181 839 4255 adierit,
861 4183 930 4246 sive
956 4181 1126 4246 retinuerit
1152 4192 1304 4264 quartam
1327 4193 1455 4266 partem

341 4417 372 4488 §5
386 4423 454 4473 4-6.
473 4419 535 4474 The
549 4419 603 4475 SC.
617 4417 836 4487 Trebellianum,
849 4431 913 4472 nn.
926 4419 969 4486 62,
983 4435 1040 4474 was
1060 4418 1197 4489 designed
1217 4419 1245 4474 in
1259 4420 1342 4476 order
1353 4431 1383 4476 to
1399 4421 1457 4478 dis·

305 4516 393 4569 pense
406 4501 472 4555 with
484 4503 532 4556 the
545 4503 653 4571 clumsy
661 4517 777 4572 process
790 4501 823 4555 of
832 4501 964 4556 fictitious
978 4502 1037 4556 sale
1050 4501 1107 4557 and
1121 4503 1169 4558 the
1183 4502 1361 4574 stipulations
1375 4507 1456 4576 quasi
