3274 5152
303 427 363 509 278
502 428 851 486 Jrvsrrwrronwnr
868 425 987 481 cmm
1006 391 1243 498 QUArTUOR.
1341 425 1406 491 [nn
1419 431 1454 480 n.

299 599 394 662 heres
410 605 611 662 testamento
626 595 796 660 institutus
808 603 866 657 aut
877 592 920 655 ab
932 592 1090 657 intestato
1102 591 1145 654 ad
1157 590 1341 673 legitimam
1357 591 1453 655 here·

301 704 440 766 ditatem
456 710 592 764 vocatus
607 709 718 782 potest
733 706 792 760 aut
807 716 866 778 pro
881 695 1002 758 herede
1013 695 1161 776 gerendo
1172 695 1224 758 vel
1244 697 1345 759 etiam
1361 696 1452 758 nuda

300 805 471 868 voluntate
501 802 728 884 suscipiendae
758 799 950 863 hereditatis
979 798 1074 862 heres
1105 797 1185 860 fieri.
1237 819 1297 881 pro
1328 798 1452 862 herede

299 918 412 970 autem
429 926 542 989 gerere
557 907 629 986 quis
640 891 778 976 videtur,
793 903 819 966 si
835 901 932 965 rebus
947 901 1152 966 hereditariis
1168 911 1340 984 tamquam
1356 903 1451 967 heres

300 1020 412 1074 utatur
431 1009 483 1072 vel
506 1007 680 1072 vendendo
703 1026 753 1068 res
772 1004 985 1068 hereditarias
1007 1015 1066 1068 aut
1086 1005 1222 1086 praedia
1242 1005 1381 1070 colendo
1402 1007 1452 1070 lo·

301 1113 448 1176 candove
471 1121 505 1175 et
526 1131 660 1193 quoquo
681 1109 781 1172 modo
800 1109 826 1171 si
842 1108 1047 1172 voluntatem
1068 1129 1163 1172 suam
1181 1109 1327 1173 declaret
1341 1109 1393 1173 vel
1416 1131 1452 1172 re

301 1214 353 1278 vel
368 1214 475 1278 verbis
490 1215 532 1278 de
547 1213 699 1276 adeunda
714 1212 905 1288 hereditate,
917 1211 1098 1274 dummodo
1114 1213 1197 1276 sciat
1212 1231 1298 1287 eum,
1310 1214 1343 1274 in
1359 1214 1452 1276 cuius

301 1318 397 1382 bonis
424 1337 483 1399 pro
508 1316 628 1380 herede
651 1317 745 1398 gerit,
770 1325 892 1379 testato
922 1316 1122 1379 intestatove
1148 1315 1269 1378 obiisse
1296 1325 1330 1380 et
1354 1337 1389 1379 se
1419 1318 1450 1379 ei

302 1421 459 1485 heredem
475 1441 556 1486 esse.
591 1441 651 1504 pro
668 1419 790 1483 herede
806 1421 893 1482 enim
905 1439 1018 1500 gerere
1034 1429 1084 1483 est
1094 1439 1153 1501 pro
1169 1420 1305 1483 domino
1320 1440 1450 1504 gerere:

302 1536 428 1590 veteres
452 1527 539 1588 enim
563 1525 701 1589 heredes
725 1546 785 1608 pro
808 1524 950 1588 dominis
973 1523 1195 1607 appellabant.
1230 1526 1315 1589 sicut
1337 1536 1451 1589 autem

301 1629 390 1692 nuda
401 1628 572 1694 voluntate
585 1639 762 1693 extraneus
776 1628 871 1691 heres
887 1627 932 1701 fit,
943 1628 990 1692 ita
1002 1638 1036 1691 et
1051 1629 1213 1692 contraria
1229 1628 1451 1692 destinatione

302 1733 416 1796 statim
438 1733 481 1795 ab
503 1732 687 1797 hereditate
709 1731 888 1814 repellitur.
926 1751 1010 1809 eum,
1036 1732 1093 1813 qui
1121 1741 1232 1794 mutus
1253 1731 1306 1794 vel
1333 1732 1451 1794 surdus

300 1845 397 1899 natus
413 1845 463 1899 est
477 1835 530 1900 vel
545 1846 661 1918 postea
674 1835 788 1910 factus,
806 1834 886 1898 nihil
901 1833 1054 1917 prohibet
1072 1855 1131 1916 pro
1149 1833 1270 1897 herede
1285 1855 1398 1916 gerere
1416 1845 1452 1899 et

220 1947 223 1953 '
300 1938 471 2020 adquirere
486 1940 548 2003 sibi
563 1937 789 2017 hereditatem,
805 1940 831 2003 si
847 1949 959 2004 tamen
975 1925 1137 2020 intellegit
1152 1939 1242 2020 quod
1257 1939 1377 2020 agitur.

837 2183 915 2248 XX.

756 2361 805 2412 oh
829 2359 996 2411 LEGATIS.

347 2511 426 2577 Post
441 2513 523 2578 haec
538 2512 709 2577 videamus
725 2511 769 2574 de
790 2509 918 2592 legatis.
962 2529 1047 2592 quae
1063 2529 1138 2592 pars
1161 2511 1238 2573 iuris
1261 2519 1357 2575 extra
1376 2531 1451 2594 pro·

302 2616 446 2698 positam
462 2616 596 2698 quidem
613 2614 786 2680 materiam
801 2614 951 2678 videtur:
975 2633 1052 2676 nam
1069 2613 1234 2695 loquimur
1249 2615 1291 2678 de
1306 2614 1357 2678 his
1373 2616 1451 2678 iuris

302 2717 422 2800 figuris
437 2720 555 2801 quibus
581 2739 639 2802 per
662 2717 908 2782 universitatem
931 2737 982 2781 res
1006 2716 1101 2780 nobis
1120 2716 1346 2799 adquiruntur.
1391 2720 1450 2782 sed

299 2841 375 2886 cum
394 2823 529 2887 omnino
551 2823 594 2887 de
613 2823 822 2886 testamentis
842 2821 950 2903 deque
970 2820 1145 2884 heredibus
1164 2821 1221 2902 qui
1244 2831 1448 2885 testamento

301 2927 515 2992 instituuntur
529 2928 630 2992 locuti
646 2947 768 3002 sumus,
785 2947 851 2990 non
871 2927 942 2988 sine
963 2945 1062 2988 causa
1084 2926 1235 3008 sequenti
1251 2925 1324 2990 loco
1340 2934 1451 3009 potest

300 3031 384 3096 haec
400 3031 477 3096 iuris
493 3032 631 3096 materia
646 3033 790 3098 tractari.

301 3213 484 3284 inheritance,
497 3215 605 3286 though
622 3215 718 3270 before
734 3216 783 3270 the
802 3213 938 3270 abolition
957 3213 990 3268 of
1005 3213 1144 3270 cretiones
1158 3216 1236 3283 (note
1253 3232 1290 3269 on
1305 3212 1318 3284 ξ
1336 3227 1349 3284 5
1363 3213 1450 3284 supr.)

302 3299 438 3355 aformal
458 3308 630 3369 acceptance
651 3298 741 3368 might
763 3299 835 3353 have
857 3298 930 3352 been
951 3297 1081 3368 required
1102 3299 1140 3369 by
1157 3299 1205 3354 the
1224 3308 1351 3354 testator.
1388 3299 1451 3354 The

301 3401 378 3438 mere
398 3382 536 3438 intention
558 3393 588 3438 to
609 3393 717 3453 accept,
735 3382 872 3453 provided
891 3381 912 3436 it
931 3399 988 3436 was
1010 3381 1166 3437 evidenced
1184 3383 1222 3451 by
1235 3382 1327 3438 words
1345 3399 1377 3436 or
1389 3392 1451 3436 acts

302 3467 365 3538 (pro
385 3467 489 3522 herede
509 3465 622 3537 gestio),
640 3484 697 3522 was
719 3467 866 3522 sufficient.
906 3467 932 3521 It
952 3465 1041 3536 might
1063 3476 1121 3535 not,
1142 3467 1280 3534 however,
1300 3467 1337 3521 be
1349 3465 1451 3536 partial

302 3551 322 3620 (‘
331 3549 382 3606 sed
400 3559 429 3604 et
446 3549 469 3604 si
487 3549 549 3621 quis
562 3567 597 3606 ex
609 3550 735 3620 pluribus
748 3549 874 3619 partibus
890 3548 919 3603 in
934 3548 1062 3604 eiusdem
1077 3548 1235 3605 hereditate
1248 3549 1392 3604 institutus
1405 3548 1451 3618 sit,

300 3651 357 3690 non
370 3644 464 3705 potest
477 3634 616 3705 quasdam
629 3645 724 3705 partes
736 3633 893 3705 repudiare,
907 3633 1046 3704 quasdam
1058 3635 1228 3702 agnoscere'
1242 3632 1308 3702 Dig.
1322 3647 1365 3702 29.
1375 3647 1398 3687 2.
1414 3632 1451 3701 a),

300 3735 332 3772 or
344 3716 526 3786 conditional,
539 3717 583 3772 for
598 3717 763 3772 hereditatis
782 3716 871 3772 aditio
889 3733 946 3770 was
965 3733 1002 3771 an
1021 3727 1101 3772 actus
1121 3715 1283 3786 legitimus:
1303 3716 1372 3770 ‘sed
1385 3725 1413 3770 et
1426 3715 1450 3770 si

176 3851 182 3864 ,
300 3800 363 3872 quis
376 3799 417 3854 ita
428 3799 537 3870 dixerit,
550 3799 573 3855 si
587 3801 723 3857 solvendo
740 3799 883 3855 hereditas
902 3809 954 3868 est,
973 3799 1046 3854 adeo
1064 3800 1260 3868 hereditatem,
1273 3801 1350 3854 nulla
1362 3799 1451 3854 aditio

299 3885 358 3939 est’
372 3883 437 3952 Dig.
452 3883 489 3938 ib.
504 3896 544 3953 51.
558 3899 583 3939 2.
621 3885 683 3938 Nor
704 3883 788 3938 could
809 3882 898 3938 aditio
917 3883 995 3938 itself
1013 3883 1049 3938 be
1071 3885 1155 3939 made
1178 3901 1215 3939 on
1237 3884 1337 3938 behalf
1352 3883 1385 3937 of
1402 3884 1451 3938 the

300 3965 444 4022 institutus
456 3967 495 4036 by
507 3982 544 4020 an
557 3977 657 4036 agent:
674 3966 844 4037 ‘respondit‚
854 3983 905 4036 per
916 3977 1127 4037 procuratorem
1139 3967 1327 4022 hereditatem
1340 3965 1450 4038 adquiri

300 4067 358 4105 non
371 4050 470 4120 posse’
484 4049 551 4120 Dig.
564 4049 600 4105 ib.
615 4065 658 4119 90,
672 4051 779 4120 though
792 4050 848 4105 this
861 4051 921 4105 rule
934 4049 1074 4106 admitted
1089 4051 1122 4104 of
1134 4051 1297 4121 exceptions
1311 4050 1339 4106 in
1353 4050 1452 4105 favour

300 4137 334 4194 of
345 4136 455 4208 juristic
474 4153 602 4208 persons,
616 4137 683 4207 Dig.
697 4137 740 4205 36.
756 4153 778 4192 1.
791 4137 815 4192 6.
829 4152 855 4206 4,
869 4137 982 4206 infants,
997 4137 1068 4193 Cod.
1080 4138 1106 4194 6.
1120 4153 1163 4207 30.
1180 4140 1219 4194 18.
1232 4155 1283 4208 pr.,
1296 4139 1354 4193 and
1369 4139 1451 4194 those

300 4221 333 4277 of
347 4221 427 4276 weak
446 4220 580 4289 intellect,
597 4221 667 4277 Cod.
686 4233 710 4290 5.
726 4234 749 4288 7.
767 4234 808 4288 7o
828 4238 879 4291 pr.,
896 4222 954 4277 and
972 4221 1020 4276 the
1039 4221 1212 4278 declaration
1232 4223 1265 4277 of
1279 4231 1451 4292 acceptance

301 4304 392 4376 might
408 4305 445 4362 be
463 4306 548 4361 made
566 4306 658 4376 hyan
677 4314 762 4374 agent
781 4305 894 4375 always,
909 4305 974 4375 Dig.
988 4306 1029 4374 36.
1048 4321 1069 4362 1.
1083 4306 1125 4376 65.
1139 4321 1162 4374 3.
1201 4306 1303 4362 Before
1316 4305 1452 4360 delatioa

299 4405 403 4460 person
428 4389 512 4444 could
536 4399 586 4446 not
610 4389 681 4444 biud
704 4389 821 4445 himself
842 4390 880 4459 by
901 4388 992 4444 either
1013 4399 1186 4461 acceptance
1210 4407 1242 4446 or
1263 4387 1451 4460 repudiation,

301 4471 368 4542 Dig.
390 4487 431 4542 29.
454 4488 479 4527 2.
505 4487 543 4540 17.
570 4475 662 4543 1,but
690 4473 761 4528 after
785 4472 890 4528 delatio
915 4473 1005 4528 either
1026 4473 1253 4545 determination,
1276 4474 1357 4530 when
1379 4489 1452 4529 once

300 4553 477 4626 manifested,
494 4573 552 4613 was
571 4556 752 4628 irrevocable,
766 4555 837 4614 Cod.
849 4557 874 4612 6.
888 4571 931 4627 31.
