3266 5188
177 427 226 476 τῑι,
242 421 279 488 6]
566 418 627 473 DE
648 418 915 476 ACTIONIBUS.
1263 419 1326 498 537

177 606 262 668 quae
284 585 317 648 in
341 604 514 667 personam
538 593 623 662 sunt,
645 581 708 649 hae
730 583 864 667 quidem
887 603 973 666 quae
996 604 1039 647 ex
1062 591 1232 648 contractu
1252 605 1327 648 nas·

178 697 296 752 cuntur
324 687 391 752 fere
422 708 538 750 omnes
566 689 610 751 rei
637 689 886 770 persequendae
916 708 1015 750 causa
1041 697 1251 770 comparatae
1280 689 1328 749 vi-

178 793 315 856 dentur:
345 791 447 854 veluti
473 792 593 874 quibus
620 802 769 855 mutuam
794 793 967 873 pecuniam
994 789 1047 856 vel
1074 792 1107 853 in
1133 791 1328 873 stipulatum

178 895 357 958 deductam
373 895 457 977 petit
475 905 575 970 actor,
592 897 672 958 item
694 895 905 972 commodati,
926 895 1077 976 depositi,
1095 894 1249 972 mandati,
1268 914 1328 976 pro

179 999 277 1075 socio,
303 1020 347 1062 ex
370 1008 484 1081 empto
506 998 650 1073 vendito,
674 997 784 1062 locato
807 998 980 1062 conducto.
1017 997 1118 1080 plane
1138 999 1165 1061 si
1187 997 1329 1079 depositi

179 1113 297 1184 agetur
320 1123 360 1166 eo
384 1104 526 1176 nomine,
554 1104 643 1184 quod
670 1100 833 1166 tumultus
859 1101 1000 1166 incendii
1028 1101 1140 1164 ruinae
1170 1099 1329 1183 naufragii

179 1226 277 1270 causa
301 1207 489 1288 depositum
513 1205 564 1283 sit,
587 1207 619 1268 in
642 1205 780 1288 duplum
805 1205 971 1269 actionem
999 1214 1132 1287 praetor
1158 1204 1274 1279 reddit,
1302 1203 1329 1266 si

181 1312 283 1374 modo
298 1330 371 1374 cum
390 1311 461 1392 ipso
473 1311 562 1391 apud
577 1330 676 1391 quem
692 1309 883 1391 depositum
899 1309 942 1372 sit
960 1319 1018 1372 aut
1033 1328 1108 1371 cum
1124 1305 1245 1371 herede
1261 1307 1330 1370 eius

180 1435 224 1476 ex
241 1412 319 1476 dolo
335 1414 436 1495 ipsius
451 1415 576 1495 agitur:
600 1432 665 1494 quo
681 1432 757 1476 casu
775 1413 882 1476 mixta
898 1421 948 1476 est
963 1411 1059 1474 actio.
1090 1411 1146 1472 Ex
1163 1411 1331 1474 maleficiis
1345 1412 1379 1466 18

178 1538 257 1580 vero
287 1518 438 1598 proditae
470 1516 618 1580 actiones
647 1515 731 1580 aliae
765 1525 895 1580 tantum
927 1535 1054 1596 poenae
1086 1515 1331 1596 persequendae

180 1639 278 1685 causa
309 1630 520 1701 comparatae
550 1628 636 1694 sunt,
661 1618 745 1682 aliae
774 1627 843 1682 tam
872 1639 1000 1701 poenae
1027 1638 1126 1699 quam
1152 1618 1196 1680 rei
1220 1638 1332 1699 perse-

177 1723 328 1806 quendae
351 1733 385 1786 et
408 1724 452 1786 ob
474 1723 507 1786 id
531 1723 657 1786 mixtae
680 1733 765 1786 sunt.
803 1743 945 1806 poenam
968 1732 1098 1786 tantum
1122 1720 1330 1802 persequitur

181 1829 255 1910 quis
277 1829 407 1892 actione
429 1827 525 1890 furti:
551 1827 618 1890 sive
636 1828 724 1889 enim
748 1825 911 1889 manifesti
934 1834 1051 1908 agatur
1066 1823 1240 1906 quadrupli
1262 1825 1331 1888 sive

182 1952 242 1996 nec
270 1931 433 1995 manifesti
457 1930 558 2013 dupli,
584 1933 626 1994 de
650 1929 721 1994 sola
742 1950 848 2013 poena
871 1929 999 2011 agitur:
1030 1947 1107 1992 narn
1133 1927 1239 2009 ipsam
1262 1946 1331 1990 rem

182 2036 313 2117 propria
328 2035 458 2099 actione
476 2034 683 2117 persequitur
697 2035 779 2116 quis,
796 2034 829 2095 id
846 2042 896 2098 est
916 2053 1010 2095 suam
1030 2052 1102 2094 esse
1121 2041 1246 2112 petens,
1264 2031 1332 2092 sive

182 2138 234 2200 fur
256 2140 326 2220 ipse
349 2159 423 2202 eam
446 2159 515 2202 rem
540 2137 717 2220 possideat,
742 2139 810 2200 sive
832 2136 916 2200 alius
938 2135 1093 2218 quilibet:
1125 2155 1164 2196 eo
1190 2132 1332 2215 amplius

182 2243 338 2307 adversus
361 2242 466 2306 furem
491 2243 590 2306 etiam
614 2242 777 2306 condictio
801 2251 850 2304 est
872 2241 928 2302 rei.
974 2238 1017 2301 Vi
1036 2246 1147 2302 autem
1170 2236 1332 2300 bonorum
1348 2245 1380 2300 19

183 2356 352 2428 raptorum
379 2347 466 2411 actio
494 2346 601 2410 mixta
628 2353 686 2418 est,
714 2345 791 2426 quia
815 2343 848 2406 in
871 2340 1056 2426 quadruplo
1081 2341 1126 2403 rei
1148 2340 1333 2422 persecutio

184 2451 378 2525 continetur,
394 2470 502 2531 poena
517 2459 630 2512 autem
645 2447 735 2530 tripli
751 2457 811 2511 est.
849 2447 907 2511 sed
924 2455 957 2509 et
976 2445 1058 2526 legis
1073 2443 1229 2526 Aquiliae
1246 2443 1333 2506 actio

183 2553 226 2615 de
249 2552 373 2617 damno
400 2555 508 2616 mixta
532 2563 591 2628 est,
618 2572 682 2615 non
710 2549 817 2614 solum
841 2551 867 2612 si
894 2550 1052 2613 adversus
1076 2547 1270 2610 infitiantem
1300 2546 1332 2608 in

182 2656 321 2738 duplum
345 2666 469 2739 agatur,
486 2656 544 2720 sed
568 2655 733 2720 interdum
757 2663 790 2718 et
812 2655 838 2716 si
862 2653 895 2716 in
918 2651 1074 2734 simplum
1093 2650 1232 2732 quisque
1254 2649 1333 2731 agit.

183 2759 285 2824 veluti
301 2761 328 2824 si
349 2761 422 2844 quis
444 2759 612 2824 hominem
636 2759 790 2823 claudum
810 2767 868 2821 aut
890 2755 1019 2819 luscum
1042 2754 1207 2828 occiderit,
1223 2754 1279 2835 qui
1300 2754 1334 2816 in

184 2884 224 2928 eo
239 2884 327 2928 anno
351 2866 478 2948 integer
494 2874 527 2928 et
548 2865 659 2947 magni
675 2863 771 2946 pretii
790 2861 904 2925 fuerit:
928 2860 1010 2924 tanti
1035 2859 1122 2922 enim
1147 2858 1334 2931 damnatur,

183 2969 297 3049 quanti
313 2968 340 3030 is
361 2967 461 3032 homo
483 2969 515 3030 in
537 2989 576 3031 eo
596 2988 683 3030 anno
706 2966 837 3050 plurimi
858 2965 965 3042 fuerit,
981 2963 1161 3026 secundum
1185 2962 1250 3024 iam
1270 2971 1335 3023 tra·

183 3072 288 3134 ditam
304 3073 509 3136 divisionem.
547 3071 627 3136 item
644 3072 750 3134 mixta
766 3080 816 3133 est
831 3069 918 3133 actio
939 3077 1053 3132 contra
1069 3086 1134 3142 eos,
1150 3065 1205 3146 qui
1221 3063 1335 3128 relicta

183 3177 401 3239 sacrosanctis
428 3175 573 3238 ecclesiis
598 3175 651 3238 vel
680 3174 753 3237 aliis
778 3172 1021 3236 venerabilibus
1049 3169 1128 3232 locis
1160 3167 1260 3249 legati
1283 3165 1335 3230 vel

183 3278 428 3342 fideicommissi
444 3280 577 3341 nomine
599 3279 678 3340 dare
698 3277 883 3340 distulerint
902 3295 1005 3355 usque
1024 3273 1117 3349 adeo,
1132 3281 1168 3334 ut
1186 3272 1285 3334 etiam
1302 3270 1336 3332 in

184 3382 340 3445 iudicium
355 3369 565 3445 vocarentur:
589 3392 668 3444 tunc
685 3380 807 3443 etenim
823 3387 856 3440 et
877 3378 983 3460 ipsam
1001 3395 1069 3438 rem
1087 3373 1139 3437 vel
1161 3375 1335 3455 pecuniam

184 3505 270 3566 quae
285 3485 398 3547 relicta
414 3494 464 3547 est
480 3485 558 3548 dare
574 3482 815 3565 compelluntur
831 3492 865 3545 et
885 3481 975 3544 aliud
996 3487 1127 3542 tantum
1144 3497 1204 3559 pro
1219 3497 1335 3560 poena,

185 3597 219 3650 et
234 3588 308 3650 ideo
324 3587 357 3650 in
373 3587 512 3668 duplum
529 3588 598 3650 eius
614 3587 651 3650 fit
667 3585 911 3651 condemnatio,

185 3793 381 3866 persequimur
393 3793 469 3865 quod
483 3811 516 3848 ex
529 3791 699 3863 patrimonio
712 3791 808 3846 abest’
822 3789 888 3858 Dig.
898 3804 942 3857 44.
953 3801 978 3856 7.
989 3799 1022 3857 35
1036 3808 1043 3853 ;
1061 3787 1129 3855 they
1138 3803 1186 3840 are
1199 3781 1337 3852 designed

186 3879 292 3948 merely
305 3889 334 3933 to
347 3878 458 3932 redress
471 3877 529 3931 and
546 3876 629 3931 make
642 3874 802 3944 reparation
819 3874 862 3928 for
874 3875 923 3928 the
936 3889 1032 3942 wrong
1049 3872 1087 3940 by
1100 3868 1191 3923 which
1210 3869 1277 3936 they
1289 3883 1337 3920 are

187 3963 278 4018 called
298 3962 358 4017 into
377 3961 530 4032 operation.
569 3962 627 4014 For
643 3958 804 4030 depositum
817 3955 978 4012 miserabile
997 3972 1044 4010 see
1058 3971 1086 4024 p.
1100 3954 1152 4022 384
1163 3968 1237 4021 supr.
1275 3949 1338 4003 The

188 4047 362 4100 contractual
382 4045 456 4100 actio
473 4043 658 4100 redhibitoria
672 4044 710 4113 (p.
719 4056 771 4110 423
783 4039 870 4112 supr.)
885 4057 942 4094 was
953 4041 1014 4094 also
1027 4038 1119 4108 penal,
1129 4036 1195 4106 Dig.
1206 4049 1247 4088 21.
1262 4049 1283 4086 1.
1294 4045 1338 4101 45,

188 4131 245 4185 and
259 4149 290 4185 so
303 4141 351 4184 too
365 4146 422 4184 was
435 4130 483 4183 the
496 4127 590 4182 action
603 4127 684 4198 quasi
697 4145 731 4180 ex
744 4135 890 4179 contractu
903 4123 1013 4194 spoken
1026 4121 1059 4175 of
1068 4121 1096 4174 in
1111 4117 1124 4190 ξ
1143 4133 1174 4188 19
1187 4117 1224 4173 ad
1238 4117 1285 4171 fin.

225 4213 239 4285 §
254 4219 299 4270 18.
320 4215 377 4270 For
389 4214 437 4268 the
450 4212 525 4267 actio
538 4211 602 4266 furti
616 4229 664 4266 see
677 4227 704 4280 p.
721 4221 769 4280 505
784 4225 858 4278 supr.

225 4298 297 4370 ξ19.
318 4299 375 4351 For
387 4297 435 4351 the
449 4295 573 4350 ‘mixed’
586 4296 733 4349 character
751 4293 784 4346 of
798 4293 846 4346 the
865 4289 975 4345 actions
995 4305 1032 4342 on
1050 4285 1076 4342 vi
1095 4287 1171 4340 bona
1187 4292 1269 4353 rapta
1281 4279 1339 4336 and

187 4384 324 4437 damnum
346 4379 447 4435 iniuria
467 4380 565 4435 datum
587 4379 621 4433 cf.
639 4377 695 4432 Tit.
713 4393 738 4432 2.
755 4393 806 4446 pr.‚
820 4375 875 4430 Tit.
890 4388 945 4443 3.9
964 4389 1039 4442 supr.
1062 4370 1120 4424 and
1141 4379 1231 4423 notes
1277 4365 1340 4419 The

188 4468 272 4522 latter
290 4464 382 4520 would
403 4465 439 4518 be
459 4463 564 4532 merely
583 4461 622 4516 rei
645 4458 836 4532 persecutoria
857 4458 880 4512 if
896 4458 945 4511 the
964 4454 1117 4510 defendant
1137 4449 1276 4508 admitted
1295 4447 1340 4504 his

200 4551 206 4561 '
245 4549 307 4622 ility
321 4549 349 4604 in
367 4549 414 4604 the
432 4548 556 4603 abstraet
571 4543 596 4617 (ξ
612 4545 646 4600 26
659 4544 728 4614 inf),
741 4544 788 4599 the
807 4540 941 4597 iudicium
958 4538 1044 4608 being
1057 4537 1146 4606 solely
1158 4535 1201 4590 for
1214 4534 1261 4589 the
1274 4549 1339 4603 pur·
