3152 5164
447 335 509 396 124
648 319 999 378 nesrrrurronmr
1016 319 1136 376 tram
1155 320 1416 390 QUATTUOR.
1527 323 1573 386 ζ’,γ

445 487 629 550 interventu
657 485 902 550 matrimonium
927 485 988 550 sibi
1018 483 1173 567 copulare
1198 485 1399 549 secundum
1432 487 1540 550 datur
1571 507 1573 540 2

444 590 680 654 constitutione
703 591 848 653 modum.

416 705 428 757 l
491 693 581 775 Ergo
600 713 665 756 non
688 713 804 758 omnes
829 693 924 757 nobis
951 711 1070 756 uxores
1093 691 1214 756 ducere
1236 691 1343 756 licet:
1378 715 1466 758 nam
1482 712 1572 776 quar<

445 799 523 860 dam
540 799 662 880 nuptiis
678 797 910 861 abstinendum
934 805 994 860 est.
1039 795 1195 859 intereas
1218 797 1312 858 enim
1339 817 1514 880 personas
1528 819 1551 876 ς.
1573 821 1574 824 “

445 911 619 982 parentum
643 901 860 964 liberorumve
882 899 990 964 locum
1015 901 1099 962 inter
1120 921 1155 964 se
1179 899 1352 981 optinent,
1375 905 1574 986 nuptiae

444 1002 529 1067 trahi
550 1023 615 1066 oon
641 1015 790 1086 possunt,
806 1003 906 1066 veluti
928 1003 1011 1066 inter
1033 1011 1161 1084 patrem
1185 1013 1220 1066 et
1243 1002 1356 1066 liliam
1380 1007 1440 1068 vel
1466 1025 1543 1068 arua

446 1117 580 1188 neptem
598 1107 650 1171 vel
675 1119 814 1171 matrem
837 1117 871 1170 et
894 1107 997 1170 filium
1014 1107 1066 1169 vel
1089 1107 1198 1170 aviam
1218 1116 1252 1169 et
1275 1119 1451 1190 nepotem
1468 1121 1499 1172 et
1513 1129 1552 1169 a<

445 1211 488 1274 ad
514 1211 697 1274 infinitum:
729 1221 762 1274 et
787 1212 813 1273 si
836 1211 920 1276 tales
944 1229 1102 1293 personae
1123 1211 1208 1272 inter
1230 1229 1267 1273 se
1291 1213 1457 1290 coierint,
1481 1213 1549 1276 nef:

445 1326 546 1398 atque
562 1317 705 1380 incestas
721 1317 853 1398 nuptias
871 1315 1076 1379 contraxisse
1098 1315 1260 1377 dicuntur.
1308 1324 1346 1378 et
1363 1315 1456 1380 haec
1472 1319 1526 1380 ade
1556 1335 1561 1368 :

447 1429 531 1498 sunt,
547 1431 592 1496 ut,
608 1423 759 1501 quamvis
782 1439 841 1500 per
862 1420 1075 1502 adoptionem
1096 1427 1269 1500 parentum
1289 1417 1519 1483 liberorumve
1534 1419 1548 1478 ζ.
1573 1500 1574 1509 ¹

445 1524 506 1588 sibi
531 1545 603 1588 esse
625 1525 800 1606 coeperint,
819 1543 884 1586 non
906 1523 1033 1605 possint
1056 1523 1141 1586 inter
1158 1543 1195 1586 se
1218 1525 1448 1588 matrimonio
1473 1527 1542 1603 iung'
1572 1577 1573 1582 ,

446 1637 586 1706 tantum,
613 1637 650 1691 ut
678 1629 778 1690 etiam
809 1627 969 1691 dissoluta
1002 1627 1181 1709 adoptione
1216 1625 1307 1689 idem
1341 1629 1430 1693 iuris
1464 1645 1560 1692 mars.¹

447 1732 558 1814 itaque
588 1753 671 1809 eam,
693 1753 777 1814 quae
802 1731 862 1795 tibi
889 1752 948 1814 per
974 1731 1188 1812 adoptionem
1214 1728 1282 1792 filia
1310 1743 1375 1796 aut
1408 1735 1517 1816 neptis
1535 1753 1565 1790 rw.

446 1837 598 1917 coeperit,
627 1857 692 1898 non
722 1837 845 1917 poteris
876 1855 1014 1898 uxorem
1047 1835 1176 1912 ducere,
1200 1835 1358 1916 quamvis
1392 1857 1475 1900 eam
1503 1853 1565 1900 err·

446 1941 615 2022 cipaveris.

415 2049 433 2102 2
492 2045 656 2107 intereas
679 2064 812 2126 quoque
832 2064 999 2126 personae,
1021 2063 1108 2126 quae
1130 2063 1174 2106 ex
1196 2051 1394 2109 transverso
1413 2048 1517 2128 gradu
1532 2065 1573 2122 ,χχ

447 2147 589 2212 nationis
614 2150 799 2231 iunguntur,
823 2159 873 2212 est
897 2149 1061 2230 quaedam
1088 2146 1202 2210 similis
1229 2145 1440 2229 observatio,
1464 2152 1517 2213 sed
1538 2169 1548 2207 z

447 2263 550 2316 tanta.
591 2273 670 2316 sane
686 2255 773 2316 enim
790 2255 874 2316 inter
888 2251 1021 2316 fratrem
1037 2271 1247 2332 sororemque
1263 2253 1410 2332 nuptiae
1427 2255 1560 2336 prohibt.

447 2365 531 2432 sunt,
548 2358 616 2420 sive
636 2358 680 2420 ab
701 2359 819 2420 eodem
842 2367 936 2440 patre
959 2357 1142 2438 eademque
1167 2363 1271 2418 matre
1295 2357 1371 2418 nati
1394 2357 1523 2421 luerint
1536 2377 1550 2414 s.
1563 2393 1574 2406 2

448 2481 491 2522 ex
507 2461 663 2524 alterutro
679 2481 801 2524 eorum.
844 2459 901 2523 sed
918 2461 944 2522 si
961 2480 1026 2542 qua
1043 2479 1100 2540 per
1114 2459 1331 2540 adoptionem
1349 2479 1452 2523 soror
1468 2463 1521 2524 tibi
1534 2476 1561 2518 es

447 2565 601 2648 coeperit,
625 2565 782 2646 quamdiu
805 2565 940 2647 quidem
965 2571 1094 2627 constat
1120 2563 1265 2644 adopti0,
1292 2582 1377 2626 sane
1404 2564 1496 2628 inter
1516 2575 1561 2625 te·-

447 2687 521 2731 eam
546 2669 678 2752 nuptiae
702 2669 880 2733 consistere
903 2688 969 2730 non
994 2675 1149 2750 possunt:
1177 2685 1251 2728 cum
1275 2685 1353 2728 vero
1380 2687 1446 2749 per
1470 2684 1566 2730 emar:-

447 2774 616 2854 pationem
639 2773 776 2856 adoptio
798 2773 960 2837 dissoluta
981 2774 1032 2849 sit,
1054 2772 1179 2854 poteris
1200 2789 1275 2833 eam
1299 2789 1449 2834 uxorem
1474 2773 1559 2834 ducet.

448 2878 506 2940 sed
523 2879 599 2941 etsi
616 2887 650 2940 tu
669 2879 895 2961 emancipatus
915 2877 1022 2954 fueris,
1037 2874 1117 2937 nihil
1138 2883 1189 2938 est
1209 2873 1458 2955 impedimento
1480 2890 1563 2956 nupt.¹

449 2991 482 3046 et
505 2983 580 3045 ideo
605 2992 745 3058 constat,
767 2984 794 3045 si
818 2982 891 3064 quis
911 3000 1068 3063 generum
1093 2979 1253 3060 adoptare
1272 2976 1362 3055 velit,
1383 2979 1510 3043 debere
1530 2995 1565 3039 e:

448 3095 525 3149 ante
542 3085 643 3148 filiam
660 3107 752 3148 suam
770 3087 996 3168 emancipare:
1020 3093 1054 3146 et
1072 3085 1098 3147 si
1114 3084 1188 3164 quis
1202 3082 1282 3144 velit
1297 3101 1419 3145 nurum
1435 3087 1563 3166 adopts.

418 3197 436 3249 3
449 3190 571 3254 debere
587 3211 662 3252 eum
678 3200 756 3253 ante
772 3190 875 3252 filium
895 3189 1112 3270 emancipare.
1157 3185 1281 3249 Fratris
1295 3184 1348 3247 vel
1363 3189 1492 3251 sororis
1507 3189 1563 3250 tili:

449 3360 485 3414 de
505 3360 593 3414 fundo
615 3360 712 3428 dotali,
726 3359 792 3414 with
814 3358 978 3429 Justinian's
1000 3358 1199 3412 amendrnents
1220 3355 1284 3425 (Bk.
1301 3354 1326 3408 ii.
1346 3356 1371 3410 8.
1385 3371 1428 3425 pr.
1445 3357 1514 3426 ini),
1532 3371 1569 3407 re·-

449 3442 575 3498 directed
588 3454 617 3498 to
630 3444 679 3498 the
692 3461 772 3498 same
785 3460 915 3514 purpose.
949 3443 1007 3496 For
1017 3441 1073 3496 this
1084 3442 1174 3494 whole
1187 3437 1296 3508 subject
1309 3455 1358 3494 see
1371 3439 1421 3494 Sir
1435 3442 1476 3496 H.
1490 3441 1561 3496 blais

449 3528 566 3596 chapter
578 3545 615 3582 on
633 3528 681 3582 the
694 3527 802 3596 history
815 3527 847 3581 of
863 3528 912 3582 the
928 3526 1032 3580 settled
1051 3534 1184 3594 property
1197 3525 1229 3578 of
1244 3521 1366 3577 married
1379 3541 1505 3594 women,
1517 3527 1554 3579 in:

450 3611 536 3679 Early
549 3609 666 3680 History
677 3610 709 3664 ol
720 3609 898 3665 Institutione
911 3629 918 3676 ;
937 3609 995 3662 and
1008 3609 1050 3662 lor
1063 3609 1111 3662 the
1124 3617 1304 3676 counterpart
1317 3605 1350 3660 oi
1356 3605 1421 3676 dos,
1431 3609 1482 3664 the
1493 3611 1559 3664 dora:

449 3703 515 3747 ante
528 3709 560 3748 or
572 3705 687 3763 propter
699 3693 821 3762 nuptias,
836 3693 889 3746 Bk.
902 3691 930 3746 ii.
944 3704 967 3757 7.
983 3706 1008 3760 3,
1021 3690 1079 3745 and
1091 3701 1181 3758 notes,
1195 3689 1242 3743 ini.

486 3773 537 3845 §t
559 3776 630 3830 This
648 3777 706 3830 and
721 3777 770 3831 the
787 3774 931 3843 following
949 3774 1072 3830 sections
1092 3773 1207 3828 contain
1222 3773 1271 3828 the
1287 3771 1362 3826 rules
1381 3773 1417 3826 oi
1426 3775 1560 3830 Romane

449 3859 623 3929 prohibiting
648 3859 754 3915 certain
777 3859 932 3928 marriages
958 3875 995 3913 on
1015 3859 1063 3913 the
1085 3857 1196 3927 ground
1214 3857 1247 3911 ol
1260 3853 1376 3924 kinship
1401 3856 1529 3914 between
1549 3859 1570 3906 ἔτ·

450 3943 561 4011 parties
602 3945 627 3998 lt
646 3943 702 3998 will
721 3943 757 3997 be
776 3943 916 3998 observed
935 3943 997 3998 that
1016 3942 1149 4012 adoptive
1167 3957 1224 3995 was
1240 3957 1272 3994 as
1292 3939 1424 3993 ellectual
1442 3958 1478 3996 as
1498 3957 1569 3996 narr.

449 4025 634 4096 relationship
653 4036 683 4081 to
701 4025 754 4081 bar
772 4029 842 4082 such
861 4027 984 4094 unions;
1005 4025 1063 4080 and
1081 4026 1130 4080 the
1149 4041 1228 4078 same
1247 4021 1408 4092 incapacity
1428 4027 1546 4080 resultet
1560 4037 1569 4070 .·

449 4108 612 4176 ¹lustinian's
625 4109 693 4165 time
708 4109 792 4178 (Cod.
808 4123 831 4180 5.
845 4125 869 4176 4,
884 4109 929 4176 26)
943 4109 1016 4164 from
1030 4107 1178 4176 ‘cognatio
1197 4106 1367 4176 spiritualis,'
1379 4106 1430 4161 the
1442 4111 1551 4164 relation

450 4192 606 4261 godparent
625 4193 684 4248 and
700 4192 843 4263 godehild,
857 4194 914 4248 and
933 4203 963 4248 to
981 4211 999 4248 a
1018 4192 1074 4247 still
1093 4193 1185 4260 larger
1204 4192 1306 4259 degree
1325 4189 1417 4244 under
1435 4192 1486 4248 the
1507 4197 1567 4248 cn:

454 4271 538 4340 [ειυς
555 4290 603 4328 see
621 4292 700 4332 some
719 4278 847 4332 remarks
865 4277 897 4331 oi
913 4276 958 4332 Sir
973 4279 1009 4331 H.
1027 4275 1132 4344 Maiue,
1147 4275 1234 4343 Early
1248 4274 1367 4342 History
1380 4271 1413 4327 of
1425 4275 1569 4331 lustirurir:

453 4366 482 4418 p.
494 4367 598 4424 24oeq.

490 4433 544 4502 ld.
563 4435 651 4492 Gaius
662 4439 740 4508 (r.62
752 4463 760 4510 ;
778 4443 813 4499 cl.
824 4445 891 4499 Tac.
902 4445 976 4499 Ann.
992 4458 1030 4498 12.
1044 4455 1067 4513 5.
1078 4455 1104 4510 7,
1118 4439 1279 4508 Suetonius,
1288 4435 1387 4493 Claud.
1402 4439 1448 4509 26)
1461 4459 1525 4514 says
1535 4442 1564 4496 rb
