3286 5144
535 955 701 1036 LIBER
744 954 1004 1034 TERTIUS.

752 1201 779 1264 1.

216 1375 268 1426 DE
292 1375 595 1427 HEREDITATIEUS
618 1375 721 1438 QUAE
744 1375 792 1426 AB
815 1376 1023 1430 INTESTATO
1047 1381 1313 1438 DEFERUNTUR.

229 1527 466 1592 INTESTATUS
483 1525 622 1605 decedit,
634 1525 691 1608 qui
706 1533 765 1590 aut
776 1527 911 1592 omnino
926 1537 1164 1595 testamentum
1180 1555 1246 1597 non
1259 1535 1337 1599 fecit

181 1641 244 1694 aut
259 1652 325 1694 non
342 1632 411 1695 iure
425 1631 502 1696 fecit
517 1639 575 1695 aut
591 1632 624 1695 id
636 1631 728 1714 quod
743 1630 865 1696 fecerat
880 1645 1012 1716 ruptum
1029 1636 1195 1701 irritumve
1210 1639 1335 1703 sactum

182 1743 237 1798 est
251 1744 311 1799 aut
326 1755 424 1799 nemo
441 1755 484 1799 ex
500 1757 540 1800 eo
555 1733 650 1798 heres
666 1734 789 1799 extitit.

230 1837 469 1902 Intestatorum
499 1847 610 1902 autem
641 1837 842 1903 hereditates
869 1840 1011 1922 exlege
1037 1842 1212 1906 duodecim
1239 1844 1362 1908 tabu-1

182 1939 290 2004 larum
306 1942 449 2022 primum
464 1942 507 2006 ad
523 1963 599 2006 suos
614 1940 752 2005 heredes
767 1941 940 2024 pertinent.
987 1943 1045 2008 Sui
1065 1955 1177 2008 autem
1196 1945 1364 2010 heredes2

183 2045 426 2122 existimantur,
444 2055 481 2110 ut
503 2057 537 2110 et
559 2067 657 2130 supra
679 2047 835 2122 diximus,
852 2047 908 2128 qui
931 2047 963 2109 in
979 2058 1145 2130 potestate
1164 2051 1334 2114 morientis

182 2147 335 2214 luerunt:
357 2150 459 2216 veluti
486 2151 572 2214 filius
599 2151 674 2225 filia,
700 2169 803 2234 nepos
829 2151 979 2232 neptisve
1002 2173 1046 2216 ex
1070 2152 1146 2232 filio,
1170 2175 1334 2237 pronepos

182 2254 395 2336 proneptisve
417 2276 461 2318 ex
484 2265 605 2337 nepote
624 2254 692 2318 filio
711 2263 798 2332 nat0,
813 2265 995 2336 prognatus
1015 2265 1227 2338 prognatave.
1274 2277 1334 2323 nec

184 2357 329 2434 interest,
356 2367 466 2422 utrum
496 2359 662 2423 naturales
692 2368 770 2423 sunt
800 2357 893 2422 liberi
919 2380 962 2422 an
992 2361 1148 2443 adoptivi.
1202 2361 1333 2444 Quibus

184 2463 410 2525 connumerari
431 2481 564 2527 necesse
587 2472 639 2528 est
662 2461 762 2526 etiam
786 2483 852 2539 eos,
874 2463 931 2545 qui
954 2485 998 2527 ex
1020 2463 1175 2546 legitimis
1198 2464 1333 2548 quidem

184 2565 401 2628 matrimoniis
427 2587 494 2629 non
518 2576 595 2631 sunt
621 2567 793 2648 progeniti,
815 2567 910 2630 curiis
933 2575 1045 2630 tamen
1068 2567 1238 2632 civitatum
1263 2569 1333 2633 dati

183 2669 365 2732 secundum
392 2669 549 2734 divalium
576 2671 858 2750 constitutionum,
884 2691 970 2753 quae
1002 2692 1102 2754 super
1126 2672 1177 2735 his
1206 2673 1333 2756 positae

182 2779 268 2849 sunt,
289 2781 438 2836 tenorem
462 2794 595 2837 suorum
619 2775 689 2838 iura
715 2775 962 2839 nanciscuntur:
990 2795 1137 2839 necnon
1161 2795 1225 2853 eos,
1248 2797 1333 2859 quos

182 2883 315 2940 nostrae
341 2877 518 2959 amplexae
544 2887 621 2942 sunt
647 2877 909 2953 constitutiones,
930 2898 990 2959 per
1014 2899 1097 2962 quas
1121 2879 1282 2956 iussimus,
1305 2879 1331 2941 si

182 2981 256 3061 quis
282 2981 453 3044 mulierem
477 2981 510 3044 in
535 3003 595 3045 suo
620 2983 834 3046 contubernio
858 2982 1060 3065 copulaverit
1082 3002 1147 3046 non
1171 2983 1214 3046 ab
1239 2984 1331 3047 initio

182 3081 358 3148 affectione
395 3085 545 3163 maritali,
573 3105 646 3149 eam
684 3095 806 3163 tamen,
833 3105 908 3150 cum
946 3106 1011 3168 qua
1045 3095 1177 3168 poterat
1209 3085 1331 3150 habere

182 3187 380 3270 coniugium,
400 3197 435 3252 et
457 3209 501 3274 ex
523 3210 562 3252 ea
583 3189 706 3254 liberos
728 3189 903 3267 sustulerit,
923 3199 1039 3270 postea
1057 3209 1135 3252 vero
1157 3189 1331 3254 affectione

215 3417 313 3471 viat
344 3417 400 3472 For
421 3417 470 3472 the
491 3416 600 3487 precise
622 3416 756 3484 meaning
778 3415 811 3470 os
831 3424 1033 3470 testamentum
1055 3432 1112 3470 non
1134 3415 1193 3470 iure
1215 3417 1330 3485 iactum,

180 3509 302 3568 ruptum,
316 3497 433 3567 irritum,
445 3500 503 3554 and
516 3499 682 3555 destitutum
695 3516 742 3554 see
755 3514 792 3552 on
806 3498 859 3551 Bk.
872 3496 899 3552 ii.
916 3509 955 3563 17.
969 3513 1008 3566 pr.
1024 3513 1098 3566 supr.

218 3580 233 3651 ξ
243 3585 268 3636 1.
287 3583 349 3638 The
358 3583 471 3653 Tvelve
478 3581 793 3652 Tableswhosewords
801 3596 852 3636 ran
862 3579 902 3634 ‘si
912 3579 1062 3634 intestatus
1071 3577 1196 3647 moritur,
1207 3580 1251 3634 cui
1263 3597 1330 3636 suus

180 3665 263 3720 heres
275 3681 329 3720 nec
339 3666 418 3734 escit,
426 3676 546 3738 agnatus
559 3665 703 3736 proximus
711 3663 848 3719 familiam
861 3663 982 3732 habeto,’
991 3661 1145 3718 conceived
1157 3662 1205 3716 the
1219 3679 1330 3718 succes·

180 3747 243 3803 sion
262 3749 295 3803 os
309 3766 327 3805 a
345 3767 411 3806 suus
430 3751 512 3806 heres
530 3751 587 3805 less
605 3766 637 3805 as
656 3767 674 3805 a
692 3747 854 3804 succession
874 3749 943 3802 than
963 3764 995 3802 as
1014 3762 1032 3802 a
1052 3744 1245 3802 continuation
1262 3745 1295 3800 ol
1312 3761 1331 3802 a

180 3848 312 3886 common
325 3833 547 3906 proprietorship
560 3834 654 3888 whose
671 3831 794 3888 exercise
807 3831 866 3888 had
877 3830 934 3886 lain
952 3830 1083 3886 dormant
1096 3828 1197 3899 during
1209 3831 1258 3887 the
1271 3828 1330 3883 lise·

180 3913 248 3970 time
267 3916 299 3969 oi
313 3917 362 3973 the
378 3916 519 3974 deceased
536 3916 759 3986 paterfamilias:
778 3916 812 3972 cf.
828 3915 916 3970 Gaius
936 3914 1039 3984 itm,
1052 3914 1105 3970 Bk.
1117 3911 1144 3970 ii.
1161 3927 1200 3983 19.
1215 3928 1231 3968 2
1244 3931 1329 3984 supr,

179 3997 238 4053 aud
251 4000 265 4065 §
277 4013 293 4068 3
303 3998 361 4069 int,
374 3999 466 4072 ‘quasi
486 3999 665 4056 continuatur
684 3997 858 4066 dominium,’
872 3998 939 4068 Dig.
950 3998 992 4054 28.
1003 4011 1027 4052 2.
1042 4012 1070 4052 11
1086 3995 1131 4054 ‘in
1142 3995 1200 4052 suis
1219 3995 1329 4052 heredi·

179 4079 234 4136 burs
254 4081 413 4139 evidentius
433 4093 560 4156 apparet,
578 4081 820 4140 continuationem
841 4081 959 4138 dominii
979 4097 1015 4136 eo
1034 4098 1095 4138 rem
1116 4079 1279 4152 perducere,
1299 4089 1329 4136 ut

178 4164 257 4220 nulla
273 4164 403 4222 videatur
421 4167 564 4223 hereditas
582 4166 679 4235 fuisse,
697 4164 778 4240 quasi
797 4165 865 4222 olim
883 4165 912 4222 hi
932 4163 1039 4220 domini
1058 4172 1162 4232 essent,
1176 4161 1223 4234 qui
1242 4161 1329 4220 etiam

178 4245 243 4302 vivo
261 4259 342 4319 patre
360 4249 572 4322 quodammodo
590 4249 711 4305 heredes
730 4247 943 4305 existimantur:
959 4287 1006 4303 ...
1023 4247 1118 4318 itaque
1131 4256 1195 4316 post
1208 4255 1329 4302 mortem

178 4330 268 4400 patris
287 4349 344 4388 non
359 4333 548 4389 hereditatem
564 4333 710 4406 percipere
721 4331 861 4403 videntur,
873 4333 925 4390 sed
941 4331 1033 4404 uragis
1051 4331 1170 4388 liberam
1188 4329 1329 4387 bonorum

178 4412 456 4472 administrationem
474 4419 702 4490 consequuntur.³

215 4495 269 4572 52.
282 4499 339 4557 For
348 4500 397 4558 the
409 4501 510 4560 modes
522 4501 554 4558 oi
563 4500 751 4574 legitimating
763 4497 939 4574 illegitimate
951 4499 1078 4558 children
1090 4514 1138 4556 see
1151 4513 1189 4556 on
1201 4497 1254 4556 Bk.
1263 4497 1281 4556 i.
1289 4512 1333 4559 ιο.

743 4597 765 4652 Ζ
