3274 5152
293 379 360 462 264
498 381 648 442 INSTIT
649 384 705 442 UT
701 383 847 442 IONUM
864 382 984 440 LIBRI
1004 381 1237 455 QUATTUOR.
1328 381 1393 448 [Lib.
1407 387 1446 436 11.

292 550 513 618 exheredatis.
557 549 670 634 itaque
692 569 732 614 eo
751 567 829 613 casu
851 546 976 629 siquid
996 546 1123 629 pupillo
1144 567 1189 612 ex
1203 547 1445 649 hereditatibus

290 657 451 742 legatisve
464 667 523 721 aut
538 654 771 720 donationibus
789 652 1048 735 propinquorum
1065 661 1167 734 atque
1186 652 1367 718 amicorum
1382 653 1445 716 ad-

291 763 449 846 quisitum
478 760 584 838 luerit,
608 760 642 824 id
671 779 772 822 omne
796 758 838 822 ad
866 757 1082 822 substitutum
1112 757 1286 839 pertineat.
1339 777 1444 840 quae-

290 881 433 947 cumque
459 863 605 928 diximus
630 863 674 927 de
695 861 929 927 substitutione
951 860 1159 942 impuberum
1184 860 1363 928 liberorum
1388 859 1443 924 vel

290 965 450 1030 heredum
475 966 701 1030 institutorum
726 963 779 1028 vel
806 963 1094 1039 exheredatorum,
1119 963 1237 1028 eadem
1267 964 1369 1028 etiam
1398 964 1444 1028 de

261 1085 279 1141 s
291 1069 455 1152 postumia
469 1069 700 1152 intellegimus.
731 1067 859 1133 Liberis
874 1077 987 1134 autem
1002 1068 1070 1134 suis
1084 1077 1323 1134 testamentum
1334 1067 1443 1132 iacere

291 1191 389 1236 nemo
414 1181 536 1255 potest,
551 1172 613 1236 nisi
637 1180 671 1236 et
696 1171 758 1237 sibi
779 1170 898 1238 saciat:
925 1191 1002 1238 nam
1026 1170 1188 1254 pupillare
1202 1166 1442 1238 testamentum

290 1295 367 1357 pars
382 1285 416 1340 et
431 1274 565 1357 sequela
580 1285 631 1340 est
645 1275 773 1357 paterni
789 1275 989 1354 testamenti,
1004 1274 1089 1340 adeo
1110 1285 1155 1353 ut,
1171 1274 1198 1338 si
1221 1275 1323 1356 patris
1338 1283 1442 1340 testa-

259 1385 442 1444 6mentum
472 1397 538 1443 non
564 1377 684 1454 valeat,
714 1399 756 1444 ne
782 1377 840 1444 filii
866 1379 1002 1461 quidem
1027 1377 1160 1443 valebit.
1209 1376 1273 1440 Vel
1303 1376 1442 1460 singulis

289 1491 403 1548 autem
431 1482 543 1548 liberis
567 1482 621 1548 vel
646 1482 704 1566 qui
734 1503 848 1548 eorum
875 1483 1071 1548 novissimus
1101 1482 1253 1564 impubes
1283 1481 1444 1548 morietur

290 1586 446 1650 substitui
460 1594 582 1669 potest.
619 1585 755 1669 singulis
770 1586 915 1669 quidem,
928 1587 955 1651 si
971 1586 1137 1651 neminem
1153 1605 1266 1652 eorum
1281 1585 1443 1654 intestato

288 1688 450 1754 decedere
470 1688 594 1754 voluit:
624 1689 814 1766 novissimo,
835 1688 862 1754 si
885 1690 936 1756 ius
962 1687 1184 1772 legitimarum
1207 1687 1442 1756 hereditatium

260 1793 455 1876 tintegrnm
475 1792 631 1858 intereos
651 1793 808 1858 custodiri
822 1792 911 1858 velit.
957 1791 1178 1858 Substituitur
1197 1801 1310 1860 autem
1331 1791 1442 1874 impu·

288 1896 358 1960 beri
380 1905 439 1960 aut
460 1896 665 1976 nominatim,
682 1895 785 1962 veluti
807 1891 954 1974 ‘Titius’
975 1905 1035 1962 ant
1055 1894 1254 1978 generaliter
1274 1895 1442 1978 ‘quisquis

288 2000 371 2064 mihi
384 1998 479 2064 heres
495 1995 589 2066 erit':
612 2000 732 2082 quibus
750 2000 859 2066 verbis
878 2009 1039 2066 vocantur
1058 2021 1102 2064 ex
1125 2000 1359 2067 substitutione
1379 2001 1444 2064 im·

288 2102 413 2184 pubere
431 2101 499 2167 filio
522 2113 662 2182 mortuo,
677 2104 735 2187 qui
755 2114 790 2169 et
809 2104 922 2186 scripti
940 2112 1019 2170 sunt
1037 2102 1176 2170 heredes
1194 2113 1229 2168 et
1249 2104 1442 2182 extiterunt,

260 2218 277 2274 8
290 2215 324 2272 et
338 2225 398 2289 pro
413 2226 479 2289 qua
494 2216 589 2289 parte
609 2206 748 2272 heredes
765 2206 843 2272 sacti
859 2217 946 2274 sunt.
991 2206 1144 2272 Masculo
1163 2207 1262 2290 igitur
1277 2207 1441 2289 usquead

288 2309 554 2392 quattuordecim
574 2331 680 2376 annos
700 2311 855 2376 substitui
877 2319 996 2392 potest,
1013 2309 1154 2376 feminae
1174 2329 1279 2392 usque
1298 2310 1342 2375 ad
1358 2311 1443 2376 duo-

288 2413 396 2480 decim
408 2433 532 2478 annos:
556 2413 632 2480 etsi
646 2411 710 2478 hoc
720 2423 852 2496 tempus
864 2415 1052 2492 excesserit,
1061 2414 1253 2480 substitutio
1265 2415 1441 2482 evanescit.

288 2515 464 2582 Extraneo
478 2536 557 2584 vero
571 2516 624 2582 vel
640 2515 709 2582 tilio
724 2517 841 2601 puberi
857 2517 973 2583 heredi
992 2518 1146 2584 instituto
1167 2519 1215 2584 ita
1242 2518 1442 2584 substituere

287 2637 388 2684 nemo
413 2627 533 2702 potest,
557 2629 604 2700 ut,
630 2621 657 2686 si
683 2619 780 2686 heres
806 2619 956 2688 extite‘rit
980 2632 1014 2688 ct
1038 2622 1124 2687 intra
1147 2621 1283 2704 aliquod
1307 2629 1441 2705 tempus

287 2722 474 2803 decesserit,
489 2723 574 2789 alius
589 2725 618 2788 ei
634 2725 677 2789 sit
692 2725 809 2790 heres:
831 2727 890 2791 sed
905 2727 969 2792 hoc
986 2726 1092 2791 solum
1111 2729 1308 2809 permissum
1327 2737 1387 2804 est,
1402 2737 1441 2792 ut

288 2846 365 2890 eum
381 2847 440 2910 per
454 2825 746 2892 fideicommissum
761 2838 904 2896 testator
917 2829 1044 2914 obliget
1061 2830 1116 2896 alii
1131 2830 1352 2896 hereditatem
1371 2832 1440 2896 eius

286 2928 340 2993 vel
363 2938 470 2994 totam
496 2931 550 2994 vel
573 2951 634 3014 pro
658 2942 752 3018 parte
778 2935 969 3000 restituere:
991 2936 1082 3017 quod
1106 2935 1156 2998 ius
1181 2934 1279 3018 quale
1302 2935 1354 3016 sit,
1380 2955 1440 3000 suo

286 3033 361 3098 loco
376 3035 554 3100 trademus.

323 3287 380 3364 §a
399 3291 462 3347 Τὴε
484 3308 579 3364 power
598 3292 631 3347 ol
651 3309 669 3348 a
694 3294 806 3350 Roman
828 3305 948 3352 testator
971 3306 1001 3352 to
1026 3300 1135 3356 control
1159 3299 1208 3354 the
1230 3297 1392 3356 devolution
1412 3299 1445 3355 oi

286 3384 420 3446 property
432 3375 504 3430 aller
516 3375 561 3430 his
578 3392 641 3432 own
654 3377 774 3434 decease
787 3396 844 3436 was
858 3381 914 3436 less
927 3381 996 3436 than
1009 3383 1070 3438 that
1083 3381 1205 3454 enjoyed
1217 3382 1308 3438 under
1320 3383 1440 3453 English

287 3457 349 3514 law.
385 3457 465 3513 With
484 3475 519 3512 us
539 3470 672 3530 property
692 3478 745 3517 can
765 3462 802 3518 be
822 3463 896 3519 ‘tied
915 3466 969 3536 up'
989 3465 1091 3538 during
1112 3483 1168 3536 any
1185 3466 1306 3522 number
1324 3467 1356 3522 ol
1371 3467 1440 3526 lives

287 3542 410 3612 actually
423 3541 451 3596 in
471 3541 622 3614 existence,
635 3545 693 3600 and
712 3546 755 3600 lor
767 3556 939 3617 twenty-one
956 3565 1038 3617 years
1057 3549 1128 3605 alter
1144 3549 1193 3605 the
1205 3551 1260 3608 last
1273 3549 1301 3604 in
1315 3553 1406 3610 which
1419 3551 1440 3610 it

288 3635 383 3681 vests:
403 3625 451 3682 the
465 3627 577 3681 Roman
590 3627 674 3682 could
691 3630 773 3685 settle
786 3629 807 3684 it
819 3631 863 3685 sor
874 3631 954 3686 three
966 3631 1036 3688 lives
1046 3634 1121 3702 only,
1131 3649 1171 3702 or,
1181 3650 1259 3689 more
1272 3637 1440 3709 accurately,

290 3725 328 3764 on
350 3709 430 3766 three
451 3725 570 3780 persons
592 3709 621 3765 in
642 3711 812 3782 succession,
835 3713 885 3768 viz.
904 3714 953 3770 the
975 3714 1123 3771 instituted
1142 3716 1272 3788 impubes
1292 3717 1374 3788 filius,
1393 3719 1440 3777 the

288 3789 463 3862 pupillariter
481 3792 657 3864 substitutus,
670 3795 728 3848 and
746 3795 859 3866 thirdly‚
875 3797 923 3852 the
941 3814 1044 3870 person
1063 3809 1093 3854 to
1110 3801 1203 3854 whom
1221 3802 1270 3858 the
1288 3801 1372 3860 latter
1383 3819 1440 3861 was

288 3873 414 3943 charged
438 3883 468 3930 to
492 3875 572 3932 leave
599 3876 621 3932 it
645 3893 696 3948 per
721 3877 978 3936 fideicommissum
1028 3883 1090 3938 The
1120 3883 1179 3939 first
1205 3885 1238 3938 os
1258 3885 1338 3940 these
1362 3885 1440 3960 lives,

287 3958 425 4098 gowever,
443 3968 519 4098 rpust
537 3977 575 4016 ex
588 3959 736 4034 hypothesi
754 3963 790 4021 be
808 3980 827 4020 a
845 3964 923 4022 short
945 3981 1008 4024 one.
1055 3967 1098 4024 Cf.
1118 3968 1172 4023 Mr.
1188 3969 1295 4026 Poste’s
1313 3980 1380 4028 note
1403 3987 1439 4026 on

317 4057 379 4097 arus
392 4057 420 4098 u.
436 4057 447 4098 1
469 4055 496 4114 4
