3310 5218
302 385 364 454 192
504 375 855 432 INSTITUTIONUM
871 374 991 430 LIBRI
1010 374 1245 446 QUATTUOR.
1338 374 1403 441 [Lib.
1414 381 1446 429 11.

299 560 407 624 neque
436 541 523 604 enim
554 539 726 605 inundatio
756 538 899 622 speciem
928 537 1020 601 fundi
1050 547 1234 602 commutat
1264 545 1298 602 et
1327 538 1371 602 ob
1401 538 1446 612 id,

299 645 327 709 si
350 645 518 710 recesserit
532 665 628 728 aqua,
644 644 754 727 palam
778 652 829 708 est
852 663 927 706 eum
950 641 1089 706 fundum
1111 643 1179 706 eius
1196 662 1338 722 manere,
1354 642 1447 708 cuius

299 755 333 812 et
348 747 420 813 suit.

250 869 287 924 25
344 851 430 914 Cum
453 873 497 916 ex
519 852 627 916 aliena
650 849 787 916 materia
811 850 938 932 species
959 848 1070 932 aliqua
1090 849 1179 914 sacta
1198 849 1241 914 sit
1261 851 1305 914 ab
1325 849 1446 932 aliquo,

300 957 413 1037 quaeri
436 956 529 1034 solet,
544 957 618 1039 quis
640 975 754 1019 eorum
778 953 919 1018 naturali
941 955 1068 1018 ratione
1090 954 1244 1017 dominus
1267 955 1318 1030 sit,
1335 965 1446 1019 utrum

300 1059 407 1141 isqui
433 1059 557 1136 secerit,
581 1080 624 1124 an
651 1058 706 1123 ille
735 1059 847 1141 potius
878 1057 934 1139 qui
962 1057 1119 1122 materiae
1149 1058 1301 1121 dominus
1330 1057 1445 1123 suerit:

300 1171 337 1226 ut
364 1183 441 1228 ecce
467 1165 493 1226 si
516 1165 589 1246 quis
617 1184 661 1226 ex
686 1162 802 1226 alienis
828 1163 900 1226 uvis
922 1170 981 1226 aut
1010 1161 1104 1225 olivis
1127 1170 1186 1226 aut
1210 1161 1308 1244 spicis
1333 1163 1445 1226 vinum

299 1274 359 1330 aut
373 1266 482 1330 oleum
503 1277 562 1332 aut
584 1267 786 1330 frumentum
809 1265 930 1344 lecerit,
946 1273 1004 1329 aut
1027 1288 1071 1329 ex
1092 1265 1200 1329 alieno
1218 1286 1298 1330 auro
1319 1266 1373 1330 vel
1395 1287 1447 1330 ar·

299 1379 401 1452 gento
415 1369 469 1434 vel
483 1391 559 1434 aere
573 1391 632 1434 vas
654 1369 789 1452 aliquod
805 1369 926 1446 fecerit,
944 1368 997 1433 vel
1016 1390 1060 1433 ex
1082 1370 1190 1433 alieno
1205 1371 1282 1433 vino
1299 1378 1333 1433 et
1349 1369 1447 1436 melle

300 1472 444 1538 mulsum
468 1475 640 1550 miscuerit,
665 1473 717 1538 vel
740 1494 783 1540 ex
809 1473 924 1540 alienis
954 1474 1205 1537 medicamentis
1231 1473 1447 1555 emplastrum

300 1588 359 1642 aut
383 1577 554 1659 collyrium
581 1579 811 1660 composuerit,
834 1576 886 1642 vel
912 1597 956 1644 ex
980 1575 1088 1640 aliena
1113 1575 1190 1639 lana
1211 1577 1446 1641 vestimentum

299 1679 421 1758 fecerit,
435 1680 488 1745 vel
509 1702 553 1745 ex
571 1681 684 1746 alienis
705 1679 827 1744 tabulis
848 1699 967 1744 navem
983 1680 1036 1744 vel
1056 1681 1233 1746 armarium
1249 1680 1302 1744 vel
1321 1680 1447 1745 subsel-

298 1783 381 1848 lium
397 1785 611 1850 sabricaverit.
643 1794 676 1848 et
691 1793 767 1868 post
783 1782 905 1848 multas
918 1783 1171 1849 Sabinianorum
1188 1792 1221 1849 et
1238 1785 1448 1848 Proculiano·

299 1907 372 1950 rum
383 1889 618 1971 ambiguitates
630 1887 752 1970 placuit
768 1887 878 1951 media
893 1888 1058 1952 sententia
1075 1888 1348 1963 existimantium,
1365 1889 1392 1950 si
1408 1907 1448 1952 ea

299 1993 427 2075 species
449 1993 491 2056 ad
514 1992 688 2056 materiam
712 1991 824 2056 reduci
839 1992 953 2072 possit,
968 2011 1044 2056 eum
1059 1991 1161 2054 videri
1178 1991 1349 2055 dominum
1367 2011 1448 2071 esse,

299 2097 356 2179 qui
373 2097 530 2161 materiae
548 2097 701 2160 dominus
717 2095 834 2174 suerat,
853 2095 880 2160 si
902 2115 968 2159 non
986 2095 1094 2178 possit
1109 2095 1230 2169 reduci,
1246 2117 1322 2159 eum
1337 2095 1448 2178 potius

298 2199 445 2283 intellegi
468 2199 639 2263 dominum
662 2200 719 2282 qui
742 2199 873 2262 lecerit:
898 2208 935 2263 ut
959 2219 1035 2262 ecce
1050 2220 1109 2264 vas
1133 2197 1314 2262 conflatum
1337 2207 1448 2282 potest

298 2304 341 2368 ad
368 2305 484 2370 rudem
509 2324 653 2368 massam
680 2303 763 2366 aeris
787 2301 841 2366 vel
865 2304 993 2384 argenti
1017 2302 1069 2366 vel
1094 2303 1164 2366 auri
1189 2303 1308 2380 reduci,
1333 2303 1447 2366 vinum

298 2416 411 2472 autem
434 2417 493 2471 aut
515 2406 626 2470 oleum
647 2416 705 2470 aut
722 2405 923 2469 [rumentum
941 2406 984 2469 ad
1003 2427 1084 2470 uvas
1106 2415 1140 2472 et
1162 2406 1266 2471 olivas
1287 2415 1320 2470 et
1340 2408 1448 2489 spicas

299 2511 418 2574 reverti
434 2530 500 2573 non
517 2519 627 2593 potest
641 2530 681 2574 ac
703 2529 744 2573 ne
760 2509 903 2574 mulsum
920 2510 1055 2592 quidem
1076 2511 1118 2576 ad
1138 2511 1253 2576 vinum
1269 2519 1303 2574 et
1318 2511 1383 2574 mel
1400 2529 1449 2574 re·

299 2612 381 2678 solvi
403 2621 524 2694 potest.
555 2613 672 2696 quodsi
695 2613 816 2696 partim
833 2633 876 2678 ex
892 2633 952 2678 sua
971 2615 1116 2690 materia,
1133 2613 1254 2697 partim
1275 2635 1319 2677 ex
1341 2612 1449 2678 aliena

298 2717 442 2799 speciem
457 2717 603 2799 aliquam
620 2717 733 2781 fecerit
749 2717 899 2799 quisque,
915 2717 1020 2782 veluti
1042 2739 1087 2782 ex
1107 2738 1168 2782 suo
1187 2719 1264 2782 vino
1285 2728 1319 2783 et
1339 2718 1447 2783 alieno

298 2819 397 2885 melle
414 2819 557 2883 mulsum
573 2831 631 2884 aut
647 2841 691 2883 ex
707 2821 775 2885 suis
791 2830 825 2886 et
840 2820 957 2884 alienis
970 2822 1221 2886 medicamentis
1232 2821 1448 2904 emplastrum

298 2935 356 2988 aut
372 2923 546 3006 collyrium
566 2933 625 2987 aut
646 2946 690 2987 ex
713 2945 773 2988 sua
794 2934 828 2988 et
849 2924 956 2988 aliena
979 2923 1055 2989 lana
1073 2927 1309 2990 vestimentum
1326 2924 1447 3001 fecerit,

297 3028 519 3094 dubitandum
536 3047 601 3091 non
618 3036 668 3092 est
683 3026 747 3096 hoc
763 3048 839 3092 casu
857 3047 933 3091 eum
953 3047 1025 3096 esse
1045 3029 1218 3093 dominum
1242 3029 1298 3111 qui
1313 3028 1448 3094 fecerit:

297 3152 374 3196 cum
398 3151 464 3194 non
487 3129 594 3195 solum
618 3150 753 3213 operam
777 3152 871 3196 suam
895 3131 998 3210 dedit,
1013 3133 1070 3196 sed
1095 3141 1129 3196 et
1150 3142 1278 3215 partem
1301 3133 1448 3197 eiusdem

334 3333 348 3406 ξ
362 3337 412 3390 25.
433 3335 458 3388 It
472 3333 496 3388 is
509 3334 589 3388 usual
604 3343 633 3388 to
650 3343 822 3403 enumerate,
835 3351 867 3390 as
880 3352 898 3389 a
910 3335 987 3390 third
1005 3337 1115 3391 natural
1128 3336 1213 3392 mode
1230 3335 1263 3390 os
1271 3335 1449 3406 acquisition,

298 3417 479 3489 specificatio,
498 3418 547 3472 the
569 3417 734 3488 converting
752 3417 785 3472 os
804 3420 945 3474 anothers
970 3420 1099 3475 material
1120 3419 1179 3475 into
1202 3437 1219 3474 a
1240 3437 1302 3474 new
1323 3417 1396 3473 form
1418 3435 1450 3474 or

298 3501 440 3572 ‘species,'
449 3518 481 3556 as
495 3499 523 3555 in
536 3501 584 3556 the
597 3501 780 3558 illustrations
792 3501 876 3572 given
889 3503 918 3558 in
935 3505 983 3559 the
995 3515 1063 3562 text.
1088 3504 1151 3558 The
1165 3503 1329 3558 Proculians
1342 3502 1449 3572 argued

297 3586 346 3641 the
359 3602 474 3640 caseon
487 3585 535 3640 the
548 3585 670 3655 analogy
682 3585 713 3640 ol
723 3587 881 3657 occupatio,
894 3587 951 3642 and
963 3587 1103 3658 regarded
1116 3587 1164 3642 the
1181 3587 1260 3656 giver
1272 3587 1305 3642 os
1312 3587 1361 3641 the
1378 3585 1449 3640 torm

297 3687 330 3725 as
348 3670 397 3724 the
409 3686 504 3723 owner
516 3669 549 3723 of
563 3669 611 3724 the
623 3670 762 3740 product;
781 3671 881 3726 aview
897 3670 988 3724 which
1007 3689 1101 3726 seems
1120 3681 1151 3726 to
1168 3673 1241 3726 have
1261 3668 1450 3725 commended

298 3751 377 3807 itself
384 3761 415 3806 to
429 3751 535 3821 Ulpian
549 3751 569 3820 (‘
577 3762 686 3807 mutata
699 3752 790 3806 forma
803 3768 891 3822 prope
905 3751 1039 3808 interimit
1057 3753 1246 3809 substantiam
1259 3753 1314 3808 rei'
1327 3752 1393 3821 Dig.
1410 3767 1448 3806 ro.

296 3851 322 3904 4.
336 3851 360 3906 ᾳ
375 3833 414 3904 3).
450 3835 513 3889 The
527 3834 678 3890 Sabini-ans
692 3835 799 3890 viewed
817 3834 838 3890 it
851 3851 883 3889 as
896 3851 914 3888 a
925 3833 996 3888 kind
1008 3836 1041 3888 os
1055 3836 1190 3905 accessio,
1204 3836 1261 3891 and
1274 3834 1378 3890 denied
1394 3851 1451 3904 any

296 3918 418 3975 transfer
430 3917 462 3971 os
471 3917 639 3988 ownership,
653 3917 741 3972 Gaius
754 3917 782 3973 ii.
792 3931 836 3986 99.
872 3917 935 3972 The
948 3915 1145 3974 intermediate
1158 3919 1282 3990 opinion,
1295 3918 1451 3974 confirmed

297 4001 336 4072 by
347 3999 497 4071 Justinian,
511 3999 535 4052 is
548 3998 636 4052 found
649 3997 677 4052 in
692 3997 781 4054 Gaius
796 3997 965 4070 (Dig.41.1.
980 3999 1036 4069 77),
1050 4002 1154 4057 Paulus
1168 4001 1217 4072 (ib.
1231 4001 1286 4070 24),
1300 4001 1357 4056 and
1370 4001 1452 4058 other

294 4083 400 4156 jurists.
440 4085 474 4140 ln
492 4080 642 4153 Justinian,
655 4083 869 4152 consequently,
882 4082 1076 4154 specification
1094 4102 1127 4140 as
1146 4103 1163 4140 a
1181 4086 1267 4141 mode
1285 4085 1318 4140 of
1331 4085 1451 4156 acquisi-

298 4167 358 4224 tion
372 4183 470 4222 occurs
484 4166 551 4235 only
563 4165 644 4219 when
658 4164 709 4218 ‘ea
721 4164 832 4234 species
845 4164 883 4219 ad
895 4166 1043 4222 materiam
1056 4168 1153 4226 reduci
1166 4186 1223 4224 non
1237 4169 1344 4239 possit‚'
1356 4168 1414 4224 and
1427 4167 1451 4224 is

299 4251 386 4320 really
399 4268 417 4305 a
428 4250 501 4304 form
520 4249 553 4304 os
567 4247 725 4318 occupatio,
742 4265 774 4302 as
794 4264 914 4318 appears
933 4251 1005 4306 from
1024 4252 1072 4306 the
1090 4252 1182 4306 words
1201 4251 1233 4305 of
1249 4251 1356 4321 Ulpian
1376 4250 1451 4306 cited

300 4333 399 4401 above,
413 4332 470 4388 and
487 4331 535 4388 the
548 4329 710 4401 expression
729 4330 757 4384 in
771 4329 819 4386 the
837 4329 939 4402 Digest
952 4332 1047 4404 ‘quod
1065 4333 1170 4389 factum
1188 4344 1231 4390 est
1246 4344 1331 4388 antea
1348 4333 1451 4388 nullius

300 4413 408 4468 fuerat!
444 4415 485 4470 Ol
500 4431 601 4470 course
619 4415 667 4470 the
684 4413 763 4484 giver
783 4413 816 4470 ol
833 4413 881 4470 the
902 4415 974 4470 torm
996 4417 1054 4471 had
1076 4417 1104 4472 in
1123 4418 1160 4472 all
1179 4434 1260 4472 cases
1279 4427 1309 4472 to
1328 4433 1384 4488 pay
1402 4417 1451 4474 the

300 4512 396 4550 onner
408 4497 440 4551 os
454 4498 502 4553 the
521 4497 650 4554 material
668 4497 704 4553 its
716 4499 765 4556 tull
778 4497 868 4568 value,
881 4515 918 4552 on
931 4499 980 4554 the
998 4499 1135 4574 principle
1149 4500 1308 4556 ‘nerninem
1328 4517 1393 4556 curn
1411 4501 1450 4556 al·
