3286 5144
254 409 319 480 374
459 393 809 454 INSTJTUTIONUM
826 393 946 449 LIBRI
964 391 1201 466 QUATTUOR.
1282 393 1347 460 [tn.
1360 397 1405 446 nr.

255 587 299 631 ex
320 563 383 629 hac
406 583 505 628 causa
527 563 615 626 bona
637 560 780 639 addicta,
795 567 902 624 cessat
921 559 1084 623 bonorum
1099 556 1267 622 venditio:
1291 555 1405 620 extitit

254 670 343 734 enim
373 666 519 732 defuncti
550 665 714 740 defensor,
742 673 775 727 et
805 663 940 745 quidem
971 663 1118 740 idoneus,
1142 662 1199 744 qui
1226 661 1269 725 de
1298 659 1406 723 solido

224 771 471 838 acreditoribus
497 780 601 835 cavet.
656 767 810 852 Inprimis
835 765 899 832 hoc
926 766 1121 848 rescriptum
1145 765 1267 829 totiens
1293 765 1405 828 locum

253 874 364 954 habet,
381 875 534 957 quotiens
555 880 757 936 testamento
779 870 950 934 libertates
972 869 1070 933 datae
1093 877 1179 933 sunt.
1223 867 1303 951 quid
1327 888 1405 952 ergo

254 980 281 1044 si
297 979 371 1063 quis
393 980 569 1042 intestatus
591 977 757 1040 decedens
779 975 939 1040 codicillis
962 974 1130 1038 libertates
1153 974 1282 1038 dederit
1297 992 1406 1055 neque

254 1085 346 1148 adita
372 1083 415 1146 sit
439 1083 483 1146 ab
509 1082 667 1146 intestato
693 1077 883 1144 hereditas?
913 1080 1005 1143 favor
1029 1077 1275 1144 constitutionis
1303 1078 1406 1141 debet

255 1188 364 1251 locum
387 1185 516 1250 habere.
562 1194 650 1249 certe
669 1185 696 1248 si
719 1193 860 1249 testatus
883 1185 1023 1248 decedat
1046 1192 1080 1248 et
1101 1182 1261 1247 codicillis
1276 1181 1406 1246 dederit

225 1291 451 1368 elibertatem
473 1299 661 1374 competere
684 1309 759 1353 eam
786 1289 910 1352 nemini
937 1289 1074 1353 dubium
1102 1297 1162 1352 est.
1207 1287 1303 1350 Tunc
1329 1307 1406 1351 con-

255 1394 419 1459 stitutioni
445 1391 556 1457 locum
579 1412 651 1456 esse
676 1392 776 1457 verba
803 1393 992 1471 ostendunt,
1018 1412 1094 1456 cum
1117 1411 1216 1454 nemo
1238 1409 1407 1454 successor

255 1499 298 1562 ab
331 1499 489 1562 intestato
524 1496 667 1562 existat:
705 1516 784 1578 ergo
819 1497 978 1580 quamdiu
1013 1497 1174 1559 incertum
1211 1494 1263 1570 sit,
1295 1503 1406 1558 utrum

256 1603 380 1667 existat
400 1622 444 1665 an
466 1621 540 1679 non,
560 1601 701 1666 cessabit
724 1602 936 1667 constitutio:
966 1602 994 1664 si
1017 1610 1143 1665 certum
1166 1619 1237 1664 esse
1261 1600 1407 1682 coeperit

226 1707 421 1778 5neminem
450 1715 577 1782 extare,
603 1715 682 1770 tunc
712 1706 774 1769 erit
808 1706 1034 1770 constitutioni
1066 1705 1167 1769 locus.
1221 1701 1258 1769 Si
1288 1705 1324 1782 is,
1349 1705 1406 1787 qui

255 1811 289 1874 in
316 1809 481 1892 integrum
512 1809 639 1873 restitui
663 1817 783 1891 potest,
811 1808 971 1873 abstinuit
1000 1830 1036 1874 se
1065 1809 1108 1872 ab
1136 1807 1328 1886 hereditate,
1355 1829 1407 1886 an,

130 1995 134 2004 Ι
255 1914 406 1996 quamvis
438 1921 549 1996 potest
583 1913 616 1977 in
647 1913 813 1995 integrum
849 1914 986 1990 restitui,
1014 1922 1127 1996 potest
1161 1912 1294 1977 admitti
1329 1933 1407 1976 con-

255 2018 385 2082 stitutio
406 2026 440 2081 et
459 2017 605 2081 addictio
627 2018 789 2080 bonorum
810 2017 901 2082 fieri?
931 2019 1011 2100 quid
1036 2038 1124 2101 ergo,
1143 2019 1170 2081 si
1194 2025 1270 2100 post
1293 2018 1407 2082 addic-

255 2123 380 2186 tionem
399 2120 590 2185 libertatum
613 2121 911 2186 conservandarum
933 2141 1031 2186 causa
1054 2121 1176 2185 factam
1192 2121 1225 2184 in
1241 2121 1407 2204 integrum

256 2226 300 2288 sit
326 2225 519 2290 restitutus?
546 2225 661 2307 utique
685 2245 750 2289 non
775 2225 836 2289 erit
858 2226 1036 2290 dicendum
1061 2225 1204 2290 revocari
1227 2224 1406 2302 libertates,

226 2343 342 2412 6quae
358 2330 460 2393 semel
477 2330 728 2412 competierunt.
774 2330 869 2394 Haec
888 2331 1079 2394 constitutio
1102 2329 1293 2393 libertatum
1312 2338 1407 2394 tuen-

256 2434 373 2498 darum
403 2452 502 2497 causa
532 2433 720 2497 introducta
746 2443 817 2497 est:
852 2455 930 2517 ergo
956 2434 983 2497 si
1009 2433 1178 2498 libertates
1205 2433 1316 2497 nullae
1342 2433 1408 2498 sint

257 2539 364 2616 datae,
380 2545 487 2601 cessat
510 2537 711 2602 constitutio
755 2537 836 2620 quid
859 2559 947 2622 ergo,
962 2539 989 2604 si
1005 2538 1099 2603 vivus
1121 2539 1214 2602 dedit
1237 2537 1408 2602 libertates

256 2641 309 2704 vel
333 2640 448 2704 mortis
470 2660 569 2705 causa
591 2650 633 2718 et,
649 2662 691 2705 ne
713 2641 756 2706 de
778 2640 841 2706 hoc
863 2653 1047 2725 quaeratur,
1067 2651 1178 2706 utrum
1201 2643 1235 2705 in
1257 2643 1407 2707 fraudem

257 2745 456 2808 creditorum
479 2765 522 2808 an
545 2765 610 2808 non
632 2745 756 2809 lactum
777 2747 829 2822 sit,
846 2747 967 2811 idcirco
981 2747 1084 2810 velint
1102 2747 1211 2810 addici
1231 2747 1295 2810 sibi
1311 2747 1407 2824 bona,

257 2868 300 2912 an
330 2847 486 2911 audiendi
515 2845 614 2911 sunt?
657 2857 692 2912 et
725 2849 831 2930 magis
862 2859 920 2926 est,
952 2860 989 2915 ut
1022 2850 1127 2914 audiri
1161 2849 1313 2926 debeant,
1345 2836 1430 2915 etsi'

257 2949 413 3015 deficiant
441 2951 542 3015 verba
572 2952 824 3017 constitutionis.
870 2953 938 3018 Sed
968 2974 1044 3017 cum
1080 2935 1202 3018 multas
1232 2953 1409 3019 divisiones

258 3055 420 3118 eiusmodi
443 3053 671 3119 constitutioni
694 3055 810 3120 deesse
837 3058 1076 3140 perspeximus,
1102 3057 1170 3121 lata
1197 3067 1247 3122 est
1268 3079 1289 3121 a
1313 3058 1409 3121 nobis

258 3157 449 3241 plenissima
468 3158 669 3234 constitutio,
687 3159 720 3221 in
738 3179 838 3242 quam
862 3160 987 3225 multae
1009 3162 1136 3243 species
1159 3160 1299 3225 collatae
1320 3171 1408 3234 sunt,

258 3261 378 3345 quibus
400 3262 451 3325 ius
473 3261 662 3326 huiusmodi
685 3263 899 3328 successionis
922 3265 1149 3347 plenissimum
1169 3276 1220 3330 est
1236 3265 1409 3332 effectum:

258 3385 341 3447 quas
356 3386 399 3429 ex
416 3365 488 3448 ipsa
503 3365 645 3430 lectione
661 3368 904 3434 constitutionis
920 3379 1030 3452 potest
1044 3369 1118 3452 quis
1133 3389 1339 3452 cognoscere.

792 3569 874 3634 XII.

333 3746 383 3796 DE
408 3745 719 3799 SUCCESSIONIBUS
743 3746 930 3813 SUBLATIS‚
953 3746 1055 3811 QUAE
1079 3748 1243 3799 FIEBANT
1267 3749 1338 3799 PER

429 3849 612 3901 BONORUM
635 3849 904 3901 VENDITIONEM
929 3851 977 3901 ET
999 3851 1048 3901 Ex
1073 3851 1243 3904 SENATUS

610 3953 806 4006 CONSULTO
829 3954 1057 4006 CLAUDIANO.

302 4075 408 4141 Erant
438 4085 517 4142 ante
550 4077 753 4160 praedictam
791 4079 1033 4144 successionem
1064 4079 1145 4143 olim
1175 4090 1209 4145 et
1239 4078 1323 4144 aliae
1353 4101 1412 4163 per

208 4288 215 4297 “
294 4281 352 4349 §b
373 4282 430 4335 For
447 4279 476 4336 in
495 4279 635 4352 integrum
654 4281 793 4336 restitutio
815 4299 863 4339 see
885 4300 922 4339 on
943 4283 995 4338 Bk.
1009 4283 1046 4340 iv.
1058 4283 1084 4340 6.
1097 4298 1131 4354 33
1145 4281 1195 4338 inl.
1241 4283 1304 4339 The
1323 4299 1411 4338 causa

258 4361 302 4418 ior
315 4365 362 4419 the
375 4365 514 4420 restitutio
527 4367 594 4420 here
607 4364 631 4420 is
644 4365 736 4420 minor
748 4376 836 4422 aetas.

305 4444 319 4516 ξ
333 4451 361 4502 7.
379 4447 545 4516 Justinian's
558 4465 621 4504 own
634 4449 817 4506 constitution
831 4449 897 4506 isin
912 4450 981 4506 Cod.
996 4463 1021 4518 7.
1035 4466 1059 4506 a.
1076 4463 1115 4520 15.
1132 4449 1190 4505 1·6.

295 4531 355 4584 uit.
367 4530 412 4584 12.
433 4531 489 4585 For
510 4533 559 4588 the
580 4541 686 4604 system
707 4532 739 4588 os
755 4533 933 4605 bankruptcy
953 4533 1102 4590 execution
1122 4533 1151 4589 in
1173 4550 1224 4590 use
1249 4531 1339 4588 under
1362 4532 1411 4588 the
