3266 5188
174 414 270 484 Tlr.5.]
314 412 375 467 DE
398 411 757 469 OBLIGATIONIBUS
780 411 895 483 QUAE
918 411 1052 483 QUASI,
1076 412 1137 467 ET
1136 412 1167 470 C.
1256 415 1321 488 525

728 665 769 734 V.

174 845 225 894 DE
245 843 558 896 OBLIGATIONIBUS
579 843 682 908 QUAE
703 843 816 908 QUASI
838 845 887 895 EX
906 846 1066 898 DELICTO
1082 846 1320 899 NASCUNTUR.

219 997 256 1062 Si
278 996 381 1060 iudex
395 995 489 1058 litem
504 1013 598 1056 suam
614 991 736 1070 lecerit,
752 1015 817 1058 non
841 997 971 1078 proprie
992 1019 1036 1062 ex
1058 997 1221 1062 maleficio
1236 996 1321 1062 obli-

172 1108 271 1182 gatus
289 1099 428 1162 videtur.
467 1098 525 1162 sed
546 1097 623 1178 quia
645 1117 751 1178 neque
774 1119 817 1162 ex
840 1109 1010 1164 contractu
1031 1101 1197 1184 obligatus
1214 1111 1264 1165 est
1288 1110 1322 1164 et

175 1205 289 1285 utique
312 1221 465 1284 peccasse
486 1199 611 1282 aliquid
635 1200 844 1283 intellegitur,
866 1203 943 1268 licet
965 1225 1023 1286 per
1045 1205 1322 1287 imprudentiam:

174 1307 250 1371 ideo
265 1307 395 1370 videtur
409 1305 502 1386 quasi
519 1324 563 1366 ex
579 1303 739 1367 maleficio
759 1306 872 1383 teneri,
888 1317 921 1370 et
945 1308 978 1370 in
998 1317 1158 1390 quantum
1174 1308 1217 1371 de
1232 1327 1271 1370 ea
1287 1327 1322 1370 re

174 1431 319 1493 aequum
332 1409 479 1490 religioni
491 1407 664 1470 iudicantis
676 1408 847 1482 videbitur,
862 1421 1003 1491 poenam
1021 1411 1205 1476 sustinebit.
1233 1411 1320 1474 Item
1339 1412 1351 1465 l

175 1515 212 1591 is,
235 1535 279 1577 ex
302 1513 393 1576 cuius
415 1509 572 1575 cenaculo
594 1511 647 1574 vel
671 1513 803 1594 proprio
826 1514 927 1595 ipsius
946 1513 999 1577 vel
1024 1516 1188 1578 conducto
1209 1513 1262 1578 vel
1288 1515 1322 1576 in

175 1639 242 1700 quo
268 1617 370 1700 gratis
393 1615 567 1679 habitabat
593 1615 756 1679 deiectum
783 1617 964 1681 effusumve
988 1618 1110 1700 aliquid
1135 1629 1194 1694 est,
1217 1619 1264 1682 ita
1286 1628 1323 1682 ut

175 1721 272 1784 alicui
288 1729 467 1794 noceretur,
479 1717 572 1800 quasi
589 1739 633 1782 ex
646 1719 807 1784 maleficio
823 1720 989 1803 obligatus
1005 1721 1222 1803 intellegitur:
1246 1721 1322 1785 ideo

175 1833 288 1887 autem
315 1843 381 1886 non
406 1821 536 1904 proprie
560 1842 604 1884 ex
631 1822 794 1886 maleficio
821 1823 987 1906 obligatus
1014 1823 1221 1906 intellegitur,
1245 1825 1324 1906 quia

176 1929 372 2010 plerumque
387 1927 431 1989 ob
446 1925 580 1990 alterius
595 1925 727 2008 culpam
743 1937 873 1991 tenetur
886 1939 944 1992 aut
959 1929 1042 1992 servi
1058 1939 1116 1992 aut
1131 1929 1234 1991 liberi.
1271 1929 1323 1991 cui

176 2031 293 2094 similis
308 2041 359 2094 est
374 2030 411 2104 is,
423 2029 479 2112 qui
496 2049 535 2092 ea
551 2039 654 2111 parte,
668 2051 734 2112 qua
749 2031 848 2113 vulgo
864 2032 926 2094 iter
943 2031 1012 2094 fieri
1028 2031 1121 2109 solet,
1129 2031 1162 2094 id
1178 2032 1323 2113 positum

177 2145 235 2198 aut
250 2153 445 2216 suspensum
463 2131 574 2208 habet,
594 2133 683 2214 quod
703 2143 822 2216 potest,
846 2135 873 2196 si
894 2134 1055 2208 ceciderit,
1072 2134 1168 2198 alicui
1187 2155 1323 2198 nocere:

176 2259 243 2320 quo
265 2257 343 2301 casu
365 2257 472 2319 poena
494 2237 608 2300 decem
631 2257 805 2300 aureorum
827 2239 1005 2302 constituta
1028 2245 1087 2302 est.
1124 2239 1167 2300 de
1190 2259 1230 2300 eo
1244 2258 1324 2301 vero

177 2342 266 2422 quod
282 2341 446 2404 deiectum
463 2339 643 2402 effusumve
659 2351 709 2404 est
731 2339 823 2422 dupli
839 2341 954 2423 quanti
974 2341 1132 2403 damnum
1149 2341 1264 2403 datum
1280 2341 1324 2404 sit

176 2445 355 2507 constituta
371 2453 420 2506 est
438 2443 533 2506 acti0.
570 2442 614 2506 ob
630 2441 798 2506 hominem
813 2465 889 2507 vero
910 2443 1049 2506 liberum
1068 2445 1211 2507 occisum
1227 2444 1323 2526 quin·

176 2548 335 2629 quaginta
363 2566 537 2609 aureorum
564 2566 672 2627 poena
702 2548 928 2610 constituitur:
962 2547 988 2610 si
1014 2567 1093 2610 vero
1118 2547 1207 2610 vivet
1233 2547 1322 2611 noci-

175 2659 314 2734 tumque
337 2651 366 2713 ei
389 2671 460 2714 esse
481 2651 616 2727 dicetur,
632 2661 794 2733 quantum
814 2651 858 2714 ob
880 2671 953 2716 eam
975 2672 1044 2714 rem
1065 2671 1208 2734 aequum
1225 2651 1324 2715 iudici

213 2861 273 2912 wit„
285 2860 324 2910 V.
343 2857 437 2911 These
455 2854 649 2926 quasi-delicts
666 2871 715 2909 are
738 2853 771 2908 of
787 2863 842 2908 two
862 2854 966 2922 kinds;
986 2855 1025 2924 (ι)
1039 2872 1119 2909 cases
1137 2855 1170 2909 ol
1186 2855 1325 2912 vicarious

176 2940 394 3012 responsibility‚
413 2938 543 3008 imposed
561 2938 599 3007 by
617 2939 666 2992 the
684 2939 737 2991 law
755 2955 831 3008 upon
849 2955 867 2992 a
885 2955 952 2992 man
972 2937 1065 3008 ‘quod
1083 2955 1169 3008 opera
1186 2939 1325 2994 malorum

176 3024 324 3078 hominum
342 3023 444 3090 utitur‚’
465 3039 498 3075 or
517 3021 639 3075 because
661 3019 682 3074 it
702 3037 769 3089 may
789 3020 825 3074 be
847 3019 963 3074 difficult
985 3031 1015 3074 to
1035 3021 1175 3075 ascertain
1196 3023 1245 3076 the
1267 3024 1325 3076 real

176 3107 311 3176 offender,
327 3106 385 3160 and
404 3105 443 3175 (2)
461 3121 571 3174 wrongs
589 3103 680 3158 which
697 3104 784 3157 result
802 3103 919 3172 directly
931 3104 1003 3157 from
1017 3121 1034 3158 a
1047 3107 1136 3158 man’s
1154 3121 1216 3159 own
1234 3107 1325 3175 culpa,

175 3191 226 3244 but
245 3189 337 3244 which
356 3189 393 3242 do
412 3197 461 3243 not
480 3205 561 3242 come
580 3187 670 3240 under
686 3187 734 3240 the
754 3186 900 3240 definition
919 3187 952 3240 of
966 3204 1022 3255 any
1034 3187 1067 3240 ol
1081 3188 1129 3241 the
1148 3187 1210 3241 four
1225 3188 1325 3243 delicts

176 3289 287 3343 proper.
318 3272 381 3325 The
393 3270 503 3324 actions
515 3270 553 3338 by
563 3268 654 3322 which
668 3269 736 3336 they
745 3285 793 3322 are
806 3269 954 3322 redressed
967 3269 1053 3337 being
1065 3269 1223 3338 bilaterally
1232 3273 1325 3340 penal,

177 3366 277 3425 except
296 3355 419 3424 perhaps
438 3353 466 3406 in
485 3370 540 3406 one
559 3369 633 3419 case,
654 3352 721 3418 they
739 3352 857 3419 partake
876 3351 909 3404 os
924 3352 973 3405 the
992 3353 1138 3406 character
1156 3353 1189 3406 ol
1203 3355 1325 3422 genuine

176 3438 276 3492 delicts
288 3457 295 3501 ;
314 3453 332 3490 a
344 3446 477 3504 category
486 3435 558 3487 from
571 3433 661 3486 which
673 3432 716 3501 (as
731 3435 784 3487 Mr.
798 3435 882 3487 Poste
895 3432 1033 3500 remarks)
1046 3434 1113 3503 they
1125 3451 1173 3488 are
1186 3437 1325 3492 excluded

176 3519 343 3589 apparently
355 3519 422 3585 only
434 3517 556 3570 because
570 3517 638 3585 they
650 3515 698 3570 sall
711 3515 801 3570 under
812 3531 850 3569 no
867 3515 973 3570 certain
990 3525 1102 3586 statute,
1116 3535 1148 3572 or
1163 3535 1211 3574 are
1228 3529 1324 3575 recent

177 3602 320 3657 additions
334 3611 363 3656 to
376 3601 424 3655 the
438 3599 518 3654 code.

212 3687 287 3740 That
301 3687 349 3740 the
362 3683 575 3752 incompetente
588 3681 621 3736 of
629 3699 647 3736 a
660 3697 781 3751 surgeon
794 3698 852 3736 was
864 3698 882 3736 a
895 3680 979 3736 delict
993 3681 1058 3751 (Tit.
1069 3697 1095 3750 3.
1110 3695 1125 3750 7
1139 3683 1235 3754 supa),
1244 3683 1325 3741 while

176 3770 237 3825 that
250 3769 283 3823 of
297 3786 315 3823 a
330 3767 417 3838 judge
431 3785 488 3821 was
507 3777 564 3836 not,
578 3784 635 3821 was
654 3765 710 3820 due
728 3775 758 3819 to
777 3765 825 3819 the
838 3764 965 3834 wording
977 3765 1010 3819 ol
1024 3765 1072 3820 the
1085 3767 1130 3820 lex
1142 3767 1264 3837 Aquilia,
1277 3770 1325 3824 the

176 3853 270 3908 action
289 3852 380 3907 under
397 3851 489 3906 which
507 3849 557 3904 did
575 3859 625 3904 not
643 3849 680 3904 lie
698 3858 798 3918 except
817 3848 846 3902 in
865 3865 946 3902 cases
965 3849 998 3902 of
1012 3848 1133 3919 damage
1151 3861 1181 3904 to
1199 3851 1325 3920 tangible

177 3937 305 4007 objects:
326 3935 425 3990 ‘iudex
443 3943 510 3988 tunc
529 3933 607 3988 litem
627 3949 708 3988 suam
727 3933 821 3987 lacere
840 3931 1018 4002 intellegitur,
1032 3949 1096 3986 cum
1115 3933 1181 3987 dolo
1200 3934 1276 3989 malo
1295 3935 1323 3990 in

175 4023 304 4078 fraudem
317 4022 387 4093 legis
404 4022 575 4077 sententiam
591 4019 699 4076 dixerit.
738 4021 814 4075 Dolo
827 4023 902 4075 malo
918 4031 1013 4076 autem
1027 4020 1137 4076 videtur
1154 4023 1209 4076 hoc
1222 4023 1324 4092 lacere,

176 4105 199 4160 si
222 4105 338 4160 evidens
360 4115 493 4174 arguatur
514 4105 575 4158 eius
594 4105 638 4158 vel
659 4101 750 4173 gratia
769 4104 814 4158 vel
836 4103 983 4158 inimicitia
1001 4105 1046 4158 vel
1064 4103 1150 4158 etiam
1169 4105 1276 4174 sordes,
1295 4117 1325 4162 ut

175 4207 272 4244 veram
291 4188 517 4244 aestimationem
536 4187 592 4242 litis
610 4197 754 4258 praestare
773 4189 904 4256 cogatur'
923 4187 989 4256 Dig.
1011 4199 1034 4256 5.
1057 4201 1078 4242 1.
1101 4199 1139 4256 ις.
1161 4203 1183 4242 t.
1219 4189 1325 4246 Where

175 4272 221 4328 his
233 4272 342 4326 offence
355 4289 413 4327 was
426 4273 492 4341 only
505 4270 694 4342 imprudentia
707 4269 728 4325 it
741 4281 816 4325 must
829 4272 901 4325 have
916 4271 989 4325 been
1006 4287 1085 4325 more
1101 4269 1202 4340 lightly
1214 4270 1325 4342 visited,

176 4357 224 4410 the
235 4353 322 4426 judge
334 4356 402 4409 here
414 4353 520 4426 having
532 4371 551 4410 a
567 4353 720 4413 discretiori
733 4355 755 4408 ‘.
768 4393 774 4408 .
790 4392 797 4408 .
810 4395 817 4409 .
830 4363 967 4424 quantum
980 4369 1102 4424 aequum
1114 4353 1241 4424 religioni
1255 4353 1325 4408 ludi·

176 4437 267 4494 cantis
279 4437 437 4493 videbitur?
451 4479 461 4499 .

213 4518 227 4592 §
238 4523 263 4578 1.
276 4519 284 4548 ‘
295 4521 412 4577 Praetor
418 4510 792 4701 aitbffiiut
801 4519 846 4576 vel
855 4517 1012 4588 effuderint,
1026 4519 1101 4574 unde
1111 4518 1140 4574 in
1154 4537 1218 4576 eum
1232 4521 1325 4576 locum

478 4666 502 4715 ‚s
525 4692 532 4701 .
