3310 5218
290 377 350 443 168
495 385 842 444 INSTITUTIONUM
860 386 980 442 LIBRI
998 385 1235 458 QUATTUOR.
1338 387 1402 454 [Lib.
1416 391 1435 441 l.

286 553 493 637 grammatici
509 551 656 617 rhetores
676 561 709 617 et
728 552 847 618 medici
863 551 968 636 etqui
984 553 1017 616 in
1032 553 1141 636 patria
1154 566 1213 615 sua
1228 551 1262 615 id
1279 562 1435 617 exercent

288 667 323 721 et
337 658 423 722 intra
439 677 612 720 numerum
628 667 714 733 sunt,
730 678 751 720 a
766 656 871 720 tutela
886 657 939 720 vel
955 677 1032 721 cura
1046 657 1171 720 habent
1186 657 1404 720 vacationem.

240 761 275 822 16
331 761 397 844 Qui
417 771 530 826 autem
550 781 586 823 se
606 759 679 824 vult
700 781 867 838 excusare,
883 761 910 824 si
931 761 1041 844 plures
1060 760 1182 825 habeat
1204 760 1436 823 excusationes

286 875 320 930 et
343 866 386 930 de
408 865 606 946 quibusdam
630 885 696 927 non
718 865 914 947 probaverit,
929 865 1002 929 aliis
1020 865 1068 928 uti
1088 867 1173 928 intra
1192 874 1345 946 tempora
1368 883 1435 926 non

285 969 488 1053 prohibetur.
526 969 582 1050 qui
605 988 765 1032 excusare
779 989 815 1032 se
829 969 953 1047 volunt,
969 989 1036 1032 non
1054 968 1243 1051 appellant:
1267 967 1326 1030 sed
1350 967 1436 1033 intra

288 1075 359 1138 dies
375 1072 614 1155 quinquaginta
635 1071 816 1147 continuos,
834 1093 877 1135 ex
892 1093 959 1153 quo
974 1081 1209 1155 cognoverunt,
1224 1091 1385 1136 excusare
1399 1092 1435 1136 se

288 1177 412 1241 debent
428 1173 676 1262 (cuiuscumque
698 1176 827 1258 generis
842 1186 927 1251 sunt,
945 1176 979 1239 id
996 1186 1046 1240 est
1061 1176 1344 1259 qualitercumque
1365 1175 1434 1239 dati

288 1279 408 1344 fuerint
429 1277 576 1364 tutores),
593 1280 620 1342 si
636 1281 721 1343 intra
736 1281 953 1343 centesimum
969 1279 1114 1361 lapidem
1130 1289 1207 1344 sunt
1227 1279 1270 1342 ab
1291 1299 1331 1342 eo
1351 1278 1435 1356 loco,

287 1385 344 1449 ubi
360 1394 484 1448 tutores
497 1385 566 1448 dati
581 1395 676 1448 sunt:
700 1385 727 1448 si
738 1405 816 1448 vero
829 1384 915 1448 ultra
929 1386 1147 1448 centesimum
1162 1384 1323 1460 habitant,
1340 1385 1436 1448 dinu-

288 1490 469 1553 meratione
487 1488 574 1553 facta
590 1489 707 1571 viginti
723 1488 862 1552 millium
878 1490 1068 1552 diurnorum
1088 1499 1122 1552 et
1141 1488 1284 1571 amplius
1300 1491 1436 1571 triginta

287 1593 424 1658 dierum.
468 1594 558 1676 quod
581 1602 703 1670 tamen,
720 1602 756 1656 ut
773 1591 934 1658 Scaevola
953 1594 1094 1672 dicebat,
1109 1593 1155 1656 sic
1178 1592 1279 1658 debet
1300 1613 1435 1675 compu-

286 1827 397 1899 possint
407 1837 455 1882 aut
463 1826 556 1882 dicere
567 1838 616 1883 aut
628 1827 759 1897 scribere,
765 1827 877 1898 proprie
885 1837 1032 1898 poetarum
1043 1827 1222 1897 interpretes'
1233 1826 1363 1896 (Com.N
1366 1841 1436 1895 epos

287 1911 364 1982 apud
389 1912 467 1968 Suet.
491 1911 526 1966 de
551 1911 589 1967 ill.
608 1929 726 1982 gramm
747 1909 785 1980 4),
811 1910 1013 1980 ‘grammatica
1036 1910 1175 1981 professio
1199 1920 1276 1965 recte
1300 1908 1436 1979 loquendi

287 1993 407 2049 scientia
421 2005 449 2050 et
469 2005 616 2065 poetarum
635 1995 791 2050 enarratio’
814 1995 931 2064 Quintil.
951 1997 1019 2050 lnst.
1039 2012 1079 2049 or.
1101 2009 1123 2050 1.
1142 2009 1166 2062 4
1189 2012 1212 2063 r,
1234 1991 1437 2063 ‘grammatica

287 2078 363 2133 circa
375 2095 472 2134 curam
485 2079 623 2134 sermonis
633 2089 768 2146 versatur,
778 2079 854 2133 circa
866 2079 1006 2147 historias,
1017 2077 1093 2133 circa
1105 2077 1246 2132 carmina'
1259 2078 1377 2146 Seneca,
1391 2093 1437 2146 ep.

287 2163 330 2218 88.
344 2177 368 2217 2.
405 2163 467 2217 ‘ibe
485 2161 647 2216 ‘numerus'
664 2179 722 2216 was
741 2161 918 2217 determined
935 2162 974 2232 by
992 2163 1040 2217 the
1059 2161 1114 2216 size
1133 2162 1166 2216 of
1180 2161 1228 2216 the
1247 2171 1331 2229 town,
1343 2161 1401 2216 and
1419 2178 1437 2216 a

285 2244 496 2314 grammaticus,
509 2245 668 2315 physician,
685 2262 717 2300 or
735 2245 913 2314 rhetorician,
926 2263 984 2300 was
1001 2244 1141 2300 admitted
1159 2244 1219 2299 into
1238 2243 1259 2298 it
1277 2244 1316 2314 by
1333 2244 1437 2314 magis·

286 2327 367 2383 terial
380 2328 499 2384 decree:
519 2327 577 2384 ‘est
591 2338 686 2383 autem
699 2328 786 2384 etiam
798 2346 931 2384 numerus
950 2328 1083 2384 definitus
1096 2345 1202 2397 eorum,
1216 2326 1263 2398 qui
1277 2327 1305 2382 in
1319 2327 1437 2398 singulis

287 2411 448 2467 civitatibus
468 2412 676 2468 immunitatem
694 2413 827 2482 habeant,
847 2423 874 2468 et
897 2412 1079 2467 condiciones
1101 2411 1242 2483 quaedam
1258 2411 1386 2466 adiectae
1408 2410 1437 2466 in

286 2496 369 2564 lege:
390 2495 466 2566 quod
479 2494 642 2566 intelligitur
660 2515 694 2551 ex
713 2495 834 2568 epistola
845 2496 982 2552 Antonini
995 2513 1069 2566 quae
1086 2495 1154 2550 data
1170 2505 1213 2550 est
1232 2495 1270 2550 ad
1287 2511 1437 2552 commune

287 2577 384 2646 Asiae,
397 2578 448 2632 sed
460 2579 581 2648 pertinet
598 2580 636 2634 ad
654 2581 752 2636 orbem
765 2579 935 2650 universum,
949 2579 1028 2634 cuius
1041 2589 1084 2634 est
1098 2590 1182 2650 caput
1196 2578 1416 2650 infrascriptum
1430 2599 1437 2635 ε

287 2661 417 2716 civitates
430 2662 553 2718 minores
565 2675 685 2734 possunt
698 2665 804 2720 habere
823 2664 964 2719 immunes
977 2663 1103 2718 medicos
1117 2663 1240 2734 quinque
1254 2673 1281 2717 et
1295 2662 1437 2732 sophistas

287 2753 344 2800 tres
363 2745 520 2817 eodemque
533 2765 651 2803 numero
668 2747 887 2818 grammaticos:
907 2746 1029 2802 maiores
1043 2746 1171 2801 civitates
1184 2757 1294 2816 septem
1313 2745 1359 2816 qui
1380 2763 1438 2800 me-

286 2828 414 2898 deantur,
447 2839 580 2900 quattuor
604 2831 756 2902 sophistas,
781 2841 913 2902 quattuor
937 2830 985 2901 qui
1013 2829 1134 2884 doceant
1158 2829 1254 2884 literas
1285 2840 1437 2899 utrasque:

285 2911 427 2967 maximae
446 2930 513 2968 vero
532 2914 659 2970 medicos
679 2914 779 2970 decem
798 2924 826 2970 et
844 2915 972 2969 rhetores
994 2913 1119 2985 quinque
1144 2913 1302 2983 eodemque
1320 2929 1438 2966 numero

286 2995 497 3066 grammaticos,
520 3014 605 3067 super
623 2998 699 3052 hunc
719 3008 815 3053 autem
835 3015 984 3052 numerum
1004 3014 1040 3054 ne
1061 2996 1186 3052 maxima
1205 2996 1320 3068 quidem
1338 2994 1438 3052 civitas

287 3077 495 3134 immunitatem
508 3081 615 3135 confert
626 3083 633 3110 '
646 3081 711 3151 Dig.
727 3095 768 3148 27.
785 3096 805 3136 1.
820 3081 845 3136 6.
859 3095 919 3150 2-3.

326 3159 400 3231 §lu
419 3163 467 3230 So,
489 3173 546 3232 too,
570 3163 677 3233 Ulpian
699 3181 765 3233 says
787 3164 815 3218 in
835 3163 902 3234 Dig.
919 3179 964 3234 49.
983 3180 1007 3232 4
1031 3180 1053 3219 1.
1074 3178 1087 3236 5
1115 3164 1155 3220 ‘si
1178 3163 1240 3236 quis
1260 3174 1335 3220 tutor
1355 3163 1438 3220 datus

287 3243 370 3298 fuerit
382 3245 427 3298 vel
439 3255 610 3301 testamento
623 3247 668 3301 vel
680 3264 698 3302 a
710 3264 766 3318 quo
779 3247 834 3303 alio
847 3247 894 3319 qui
908 3248 951 3304 ius
966 3248 1054 3303 dandi
1066 3250 1162 3319 habet,
1174 3266 1231 3303 non
1250 3257 1360 3318 oportet
1373 3264 1438 3302 eum

287 3343 463 3397 provocare;
482 3329 537 3382 hoc
549 3328 625 3384 enim
645 3329 726 3385 divus
746 3333 862 3386 Marcus
882 3331 993 3392 effecit:
1012 3333 1064 3388 sed
1083 3332 1156 3388 intra
1174 3343 1303 3403 tempora
1321 3329 1438 3408 praesti·

289 3419 351 3465 tuta
374 3411 584 3468 excusationem
609 3413 789 3484 allegandam
811 3416 906 3486 habet,
926 3426 954 3472 et
976 3416 1000 3471 si
1022 3416 1104 3472 fuerit
1124 3417 1214 3486 pulsa,
1234 3425 1301 3470 tunc
1323 3415 1438 3469 demum

287 3494 431 3563 appellare
452 3495 576 3566 debebit,
593 3507 737 3554 caeterum
758 3511 824 3555 ante
846 3501 949 3556 frustra
968 3501 1142 3570 appellatur!
1180 3501 1206 3556 lt
1227 3509 1303 3554 must
1327 3509 1377 3552 not
1401 3498 1438 3553 be

289 3575 414 3632 inserted
426 3579 498 3634 from
512 3580 628 3636 ‘datus'
640 3581 669 3636 in
678 3582 734 3638 this
744 3599 874 3653 passage,
885 3601 917 3638 or
925 3585 997 3638 from
1011 3583 1056 3638 ‘id
1068 3594 1121 3652 est,
1134 3583 1365 3654 qualitercunque
1378 3581 1438 3636 dati

286 3659 405 3716 fuerint'
417 3661 446 3716 in
458 3663 507 3718 the
520 3675 585 3734 text,
594 3666 655 3720 that
668 3667 716 3721 the
729 3666 906 3736 exemptions
914 3666 964 3720 did
974 3676 1023 3721 not
1036 3667 1140 3722 extend
1153 3677 1182 3721 to
1196 3677 1302 3722 tutores
1311 3663 1436 3734 legitimi.

289 3745 465 3816 Theophilus
490 3747 616 3818 explains
637 3750 848 3819 τεσταμεντάριοι
861 3788 868 3802 .
882 3788 889 3804 .
902 3750 1030 3820 λεγίτιμοι
1043 3788 1071 3804 ..
1088 3750 1138 3805 ὑπὸ
1156 3749 1283 3820 ἄρχοντος
1301 3749 1438 3816 διδόμενοι.

290 3829 347 3882 For
365 3829 413 3884 the
432 3829 500 3886 time
513 3831 610 3886 within
623 3831 716 3887 which
734 3833 782 3888 the
802 3850 904 3888 excuse
922 3843 998 3888 must
1011 3833 1047 3888 be
1060 3833 1167 3904 proved
1180 3834 1214 3889 cf.
1229 3831 1294 3902 Dig.
1309 3844 1350 3898 27.
1368 3845 1389 3884 1.
1404 3831 1437 3898 38

287 3911 509 3984 ‘quinquaginta
533 3913 643 3969 dierum
668 3915 791 3985 spatium
816 3917 1014 3972 tantummodo
1036 3918 1073 3972 ad
1095 3915 1297 3972 contestandae
1322 3931 1438 3969 excusa-

287 3993 397 4050 tionum
415 4013 516 4052 causas
542 3996 681 4067 pertinet:
706 3999 870 4069 peragendo
888 3999 965 4055 enim
983 4000 1098 4072 negotio
1117 4018 1152 4057 ex
1170 4000 1216 4056 die
1235 3996 1437 4054 nominationis

286 4077 412 4133 continui
426 4089 558 4151 quattuor
570 4097 683 4135 menses
695 4081 839 4138 constituti
853 4085 935 4138 sunt’

323 4161 443 4218 Besides
462 4163 510 4218 the
528 4163 634 4218 classes
652 4165 685 4218 of
700 4181 819 4235 persons
837 4165 1002 4222 mentioued
1019 4167 1048 4222 in
1064 4168 1121 4223 this
1139 4169 1222 4237 Title,
1235 4168 1283 4222 the
1296 4165 1438 4235 following

287 4245 371 4300 could
384 4245 468 4300 claim
478 4245 658 4317 exemption:
679 4247 717 4318 (ι)
732 4248 866 4319 Spiritual
878 4267 996 4322 persons
1009 4253 1072 4307 who
1086 4269 1158 4308 were
1170 4261 1220 4306 not
1233 4250 1349 4318 already
1362 4248 1438 4303 inca·

287 4327 432 4398 pacitated
452 4329 580 4401 (bishops
599 4329 657 4386 and
673 4331 785 4402 monks,
803 4333 878 4387 Νον.
898 4349 956 4402 1²3·
975 4335 1000 4405 5)
1022 4335 1092 4392 Cod.
1112 4351 1133 4392 1.
1153 4351 1178 4405 3.
1200 4349 1241 4405 52.
1278 4333 1317 4404 (2)
1336 4331 1438 4403 Jurists

289 4411 353 4464 who
377 4410 518 4482 belonged
540 4425 569 4469 to
591 4415 639 4470 the
661 4417 812 4486 emperor’s
835 4417 992 4488 consilium,
1014 4418 1080 4490 Dig.
1098 4433 1141 4487 27.
1162 4435 1185 4475 1.
1200 4433 1303 4489 3o;·4
1317 4429 1343 4483 4.
1359 4430 1398 4469 11.
1412 4429 1438 4470 2.

290 4491 330 4562 (3)
351 4493 473 4550 Persons
494 4507 543 4553 not
564 4497 716 4556 domiciled
736 4498 765 4555 iu
787 4501 836 4557 the
854 4501 936 4572 place
958 4502 1050 4560 where
1072 4503 1145 4560 their
1164 4503 1277 4561 tutorial
1296 4503 1438 4560 functions
