3310 5218
299 413 361 482 ron
499 420 849 478 rwsrrwrrowow
867 419 987 475 tram
1005 418 1241 492 QUATTUOR.
1353 419 1418 486 [m.
1426 425 1446 478 1.

296 587 436 671 peditur,
467 607 534 670 quo
564 587 671 650 minus
701 584 835 668 negotia
864 583 981 668 pupilli
1011 582 1244 647 administrare
1271 582 1385 666 possit,
1412 592 1446 648 et

295 690 441 775 pupillus
458 690 510 754 vel
531 689 619 755 absit
640 689 693 753 vel
716 688 823 752 infans
841 689 893 764 sit,
910 707 1010 770 quern
1030 686 1110 750 velit
1132 697 1279 751 actorem
1300 685 1447 769 periculo

296 795 398 879 ipsius
413 803 546 878 praetor
559 791 613 858 vel
628 795 684 876 qui
699 793 886 877 provinciae
900 793 1041 876 praeerit
1056 792 1190 856 decreto
1205 792 1394 857 constituet.

809 1004 939 1070 XXIV.

427 1185 477 1234 oa
501 1182 776 1236 sarrsonrrowa
800 1182 984 1234 Turonum
1008 1183 1055 1232 nr
1078 1173 1323 1234 curtnronuw.

341 1335 396 1400 Ne
416 1342 528 1398 tamen
549 1331 749 1416 pupillorum
772 1330 1013 1414 pupillarumve
1036 1340 1073 1396 et
1095 1351 1217 1410 eorum,
1240 1331 1296 1414 qui
1321 1351 1447 1414 quaeve

298 1439 332 1502 in
358 1439 526 1502 curatione
549 1444 635 1512 sunt,
663 1435 797 1518 negotia
822 1456 843 1498 a
868 1434 1033 1498 tutoribus
1056 1435 1303 1499 curatoribusve
1329 1454 1448 1498 consu·

299 1552 432 1606 mantur
460 1550 518 1605 aut
554 1540 795 1617 deminuantur,
826 1548 919 1603 curat
948 1549 1090 1621 praetor,
1122 1549 1158 1603 ut
1190 1547 1225 1602 et
1257 1548 1383 1604 tutores
1413 1547 1447 1602 et

298 1655 464 1712 curatores
485 1667 526 1710 eo
548 1645 680 1709 nomine
700 1643 871 1706 satisdent.
905 1643 963 1706 sed
985 1641 1048 1706 hoc
1071 1663 1137 1706 non
1159 1651 1210 1706 est
1230 1651 1447 1726 perpetuum3

224 1749 228 1756 ’
298 1770 376 1814 narn
406 1759 533 1814 tutores
563 1756 765 1812 testamento
790 1747 859 1810 dati
887 1747 1048 1809 satisdare
1077 1766 1143 1809 non
1171 1755 1340 1830 coguntur,
1371 1746 1449 1827 quia

274 1847 279 1855 ’
297 1854 380 1918 fides
402 1874 514 1918 eorum
536 1861 572 1916 et
592 1851 762 1934 diligentia
783 1851 826 1914 ab
846 1850 917 1932 ipso
938 1858 1097 1914 testatore
1117 1850 1257 1932 probata
1275 1859 1343 1914 est:
1367 1849 1447 1913 item

297 1974 344 2021 ex
373 1958 584 2040 inquisitione
610 1965 735 2020 tutores
760 1955 813 2018 vel
844 1962 1009 2018 curatores
1035 1954 1105 2017 dati
1135 1954 1351 2018 satisdatione
1381 1973 1447 2016 non

269 2070 482 2136 lonerantur‚
506 2061 584 2143 quia
606 2060 716 2123 idonei
739 2058 834 2122 electi
857 2067 942 2121 sunt.
989 2055 1057 2120 Sed
1081 2058 1161 2122 etsi
1181 2078 1225 2120 ex
1245 2066 1448 2122 testamento

296 2165 350 2230 vel
371 2166 580 2248 inquisitione
601 2165 666 2228 duo
686 2163 836 2247 pluresve
857 2161 927 2225 dati
948 2160 1076 2240 luerint,
1096 2170 1208 2244 potest
1227 2181 1310 2224 unus
1330 2161 1448 2225 offerre

297 2270 377 2334 satis
398 2270 441 2332 de
463 2268 683 2332 indemnitate
705 2266 821 2349 pupilli
844 2265 897 2328 vel
915 2263 1136 2329 adulescentis
1159 2273 1193 2328 et
1215 2265 1379 2329 contutori
1394 2265 1448 2328 vel

298 2372 503 2438 concuratori
533 2369 697 2454 praeferri,
724 2377 761 2432 ut
789 2369 878 2432 solus
908 2368 1127 2447 administret,
1151 2369 1205 2432 vel
1229 2378 1266 2432 ut
1295 2377 1449 2432 contutor

297 2478 377 2542 satis
391 2475 531 2540 offerens
547 2482 768 2556 praeponatur
784 2474 822 2548 ei,
842 2481 879 2536 ut
894 2472 965 2555 ipse
983 2471 1073 2536 solus
1088 2473 1307 2537 administret.
1337 2473 1448 2556 itaque

297 2601 357 2664 per
372 2601 407 2644 se
423 2599 489 2642 non
504 2586 615 2661 potest
634 2586 747 2660 petere
762 2577 842 2641 satis
858 2598 879 2641 a
894 2584 1066 2640 contutore
1081 2577 1133 2640 vel
1150 2586 1362 2641 concuratore
1378 2598 1447 2655 suo,

297 2685 356 2749 sed
372 2683 490 2748 offerre
504 2682 613 2760 debet,
630 2690 667 2745 ut
687 2680 881 2745 electionem
900 2681 957 2744 det
976 2682 1141 2745 contutori
1158 2703 1228 2761 suo,
1244 2692 1353 2746 utrum
1369 2681 1449 2746 velit

296 2789 377 2852 satis
393 2787 540 2869 accipere
557 2807 600 2850 an
616 2787 695 2849 satis
711 2786 798 2849 dare.
843 2786 961 2867 quodsi
982 2805 1080 2850 nemo
1096 2807 1209 2850 eorum
1225 2787 1305 2850 satis
1318 2785 1448 2865 offerat,

295 2891 323 2956 si
338 2891 473 2975 quidem
491 2891 692 2972 adscriptum
714 2888 809 2952 fuerit
825 2909 845 2951 a
860 2897 1029 2964 testatore,
1047 2890 1120 2971 quis
1139 2899 1243 2972 gerat,
1259 2889 1315 2954 ille
1335 2910 1449 2972 gerere

296 2995 396 3061 debet
408 3017 415 3058 ε
440 2994 557 3076 quodsi
573 3013 639 3056 non
651 2992 746 3055 suerit
757 2993 971 3074 adscriptum,
983 3013 1081 3075 quem
1099 2994 1203 3056 maior
1214 3013 1291 3075 pars
1303 2993 1448 3076 elegerit,

296 3101 367 3183 ipse
382 3119 495 3182 gerere
510 3097 622 3173 debet,
638 3105 675 3160 ut
694 3096 803 3161 edicto
818 3098 978 3179 praetoris
997 3107 1140 3162 cavetur.
1185 3098 1236 3162 sin
1257 3107 1369 3162 autem
1385 3098 1450 3180 ipsi

296 3213 422 3268 tutores
440 3201 653 3266 dissenserint
675 3201 761 3264 circa
784 3201 973 3283 eligendum
1000 3223 1075 3266 eum
1099 3201 1151 3265 vel
1176 3221 1233 3266 eos
1256 3203 1312 3284 qui
1334 3221 1450 3284 gerere

296 3307 427 3386 debent,
453 3315 585 3388 praetor
609 3314 720 3388 partes
744 3325 819 3368 suas
846 3306 1055 3389 interponere
1081 3306 1193 3370 debet.
1238 3306 1327 3370 idem
1354 3314 1388 3370 et
1414 3307 1448 3369 in

296 3409 443 3494 pluribus
459 3429 501 3473 ex
523 3410 734 3492 inquisitione
749 3409 839 3474 datis
858 3411 1065 3493 probandum
1085 3421 1144 3489 est,
1160 3411 1193 3474 id
1216 3420 1266 3474 est
1287 3421 1323 3475 ut
1345 3411 1450 3474 maior

296 3535 372 3599 pars
386 3513 506 3598 eligere
521 3515 634 3596 possit,
650 3535 824 3597 perquem
840 3515 1084 3579 administratio
1100 3515 1203 3578 fieret.

330 3724 391 3777 '1¹tt.
403 3723 516 3776 XXIV
516 3763 522 3776 .
543 3721 605 3776 'ibe
618 3719 811 3792 squandering
821 3718 960 3789 ospupils’
969 3719 1095 3774 fortunes
1104 3719 1143 3788 by
1152 3718 1226 3774 their
1235 3729 1324 3775 tutors
1337 3719 1362 3774 is
1372 3718 1449 3774 osten

296 3803 379 3859 dwelt
398 3821 474 3875 upon
493 3805 531 3874 by
549 3805 597 3858 old
616 3805 740 3859 writers:
764 3802 895 3857 ‘divitias
908 3841 915 3855 .
929 3839 936 3855 .
950 3841 957 3855 .
971 3840 978 3854 .
991 3811 1022 3855 ut
1040 3801 1128 3856 ferme
1148 3802 1250 3868 evenit,
1263 3813 1339 3857 tutor
1358 3801 1437 3856 immi

296 3887 368 3943 nuit’
377 3887 513 3958 Apuleius
526 3889 611 3957 apol,
625 3886 821 3942 ‘multiformis
834 3886 999 3955 plerumque
1009 3884 1129 3954 perfidia
1138 3887 1275 3938 tutorum¹
1286 3886 1450 3953 Symmach.

297 3971 352 4041 Ep.
374 3985 399 4039 7.
420 3972 463 4040 65,
493 3969 626 4025 ‘cottidie
650 3969 773 4039 suspecti
799 3978 906 4023 tutores
931 3969 1123 4038 postulantur’
1147 3967 1212 4038 Dig.
1237 3968 1279 4023 26.
1305 3983 1344 4022 ro.
1367 3983 1389 4022 r.
1407 3987 1449 4038 pr.

297 4056 401 4109 Tutors
419 4053 477 4109 and
494 4063 629 4121 curators,
643 4051 709 4106 with
727 4053 776 4106 the
791 4051 955 4122 exceptione
974 4050 1140 4107 mentioned
1156 4050 1185 4106 in
1203 4052 1252 4108 the
1269 4061 1336 4122 text,
1349 4051 1407 4106 had
1419 4063 1450 4107 to

207 4167 212 4176 ·
295 4137 360 4208 give
379 4137 502 4207 security
521 4136 596 4192 ‘rem
615 4134 714 4206 pupilli
733 4136 841 4190 salvam
860 4135 936 4190 fore’
956 4135 1008 4191 Bk.
1021 4134 1059 4189 iii.
1076 4135 1115 4190 18.
1129 4151 1147 4203 4
1160 4134 1217 4206 ini,
1229 4135 1304 4192 their
1319 4152 1382 4190 own
1401 4153 1450 4191 en·

295 4232 447 4292 gagement
466 4223 570 4290 always
587 4219 674 4289 being
692 4218 846 4289 supported
864 4219 903 4288 by
915 4219 1042 4274 sureties.
1081 4221 1107 4274 lt
1120 4237 1177 4274 was
1196 4237 1214 4274 a
1232 4219 1362 4290 question
1376 4221 1450 4274 whe-

297 4305 360 4360 ther
371 4307 420 4360 the
432 4316 533 4376 patron
550 4304 608 4359 and
625 4302 669 4358 his
688 4317 756 4358 sons
769 4319 842 4358 were
855 4303 1006 4374 exempted
1018 4303 1091 4358 from
1109 4303 1278 4360 satisdatio:
1297 4304 1345 4359 the
1358 4304 1450 4358 better

297 4387 367 4442 view
380 4405 473 4443 seems
492 4399 522 4443 to
536 4389 610 4444 have
622 4388 696 4442 been
713 4387 774 4442 that
792 4385 814 4441 it
827 4385 979 4457 depended
991 4403 1027 4440 on
1047 4387 1095 4442 the
1114 4386 1335 4442 circumstances
1354 4385 1387 4441 os
1402 4386 1449 4440 the

297 4469 449 4541 particular
460 4487 535 4541 case,
549 4471 614 4541 Dig.
629 4471 672 4528 26.
684 4484 710 4539 4.
726 4483 750 4541 5.
765 4484 786 4526 1.
816 4491 821 4502 ¹

334 4550 348 4624 §
362 4558 387 4610 1.
407 4553 512 4609 Where
525 4555 604 4610 there
617 4571 689 4610 were
707 4555 815 4610 several
829 4552 902 4625 joint
916 4561 1006 4609 tutors
1019 4569 1051 4608 or
1064 4563 1190 4609 curators
1204 4554 1242 4624 (1)
1256 4554 1305 4610 the
1316 4552 1450 4608 business
