3268 5142
215 403 330 468 Titio]
417 399 478 456 DE
498 401 643 457 POENA
671 401 849 458 TEMERE
868 401 1169 460 LITIGANTIUM.
1300 409 1365 480 599

259 565 313 630 De
339 566 455 629 ordine
479 575 513 630 et
535 563 639 630 veteri
661 559 765 629 exitu‘
779 566 1030 631 interdictorum
1053 588 1290 650 supervacuum
1315 579 1397 639 ests

214 667 315 732 hodie
329 669 457 734 dicere:
480 689 558 733 nam
582 669 734 751 quotiens
756 679 852 734 extra
871 671 1021 734 ordinem
1041 671 1091 735 ius
1111 669 1238 748 dicitur,
1254 673 1365 755 qualia

214 783 291 836 sunt
311 772 412 837 hodie
432 773 544 836 omnia
565 771 693 850 iudicia,
713 793 779 836 non
801 781 851 837 est
875 793 1007 838 necesse
1027 776 1121 839 reddi
1144 776 1364 850 interdictum,

214 877 274 940 sed
296 877 433 959 perinde
455 875 618 939 iudicatur
637 876 707 939 sine
728 876 917 956 interdictis,
933 885 1032 960 atque
1054 879 1082 942 si
1103 879 1193 945 utilis
1211 881 1297 946 actio
1320 901 1364 945 ex

213 1000 313 1045 causa
328 979 491 1046 interdicti
507 980 637 1044 reddita
652 979 776 1045 fuisset.

744 1215 839 1282 XVI.

458 1411 508 1462 on
532 1410 654 1460 ponus
677 1409 831 1460 annana
853 1410 1123 1465 cincinnum

257 1579 357 1642 Nunc
372 1577 574 1641 admonendi
590 1597 703 1640 sumus
723 1597 878 1660 magnam
894 1591 1006 1642 curam
1023 1579 1129 1662 egisse
1145 1595 1209 1658 eos,
1224 1580 1281 1663 qui
1297 1579 1366 1646 iura

213 1681 428 1754 sustinebant,
459 1699 501 1745 ne
531 1680 627 1744 facile
656 1679 808 1744 homines
833 1682 876 1744 ad
906 1681 1103 1765 litigandum
1129 1684 1364 1767 procederent:

212 1787 303 1869 quod
320 1794 354 1848 et
369 1784 465 1848 nobis
481 1769 591 1849 studio
607 1791 666 1848 est.
713 1785 812 1867 idque
828 1805 868 1849 eo
885 1785 1032 1849 maxime
1053 1785 1122 1850 fieri
1138 1795 1258 1869 potest,
1274 1787 1363 1870 quod

212 1889 382 1953 temeritas
409 1899 479 1952 tam
506 1887 675 1970 agentium
699 1907 800 1970 quarn
828 1908 942 1952 eorum
967 1909 1043 1952 cum
1069 1889 1188 1972 quibus
1212 1899 1365 1972 ageretur

213 1993 314 2057 modo
340 1992 528 2075 pecuniaria
554 2011 671 2074 poena,
703 1993 804 2056 modo
837 1991 1042 2056 iurisiurandi
1068 1993 1233 2074 religione,
1261 1994 1363 2057 modo

213 2105 304 2160 metu
329 2095 483 2159 infamiae
505 2105 681 2159 coercetur.
736 2094 823 2159 Ecce
849 2095 937 2158 enim
962 2095 1186 2159 iusiurandum
1210 2095 1391 2160 omnibusl

211 2201 267 2282 qui
291 2199 528 2264 conveniuntur
548 2217 592 2261 ex
616 2205 727 2262 nostra
750 2197 986 2262 constitutione
1007 2199 1167 2263 defertur:
1191 2219 1269 2263 nam
1290 2219 1364 2263 reus

212 2323 279 2366 non
300 2303 396 2368 aliter
416 2302 483 2366 suis
504 2301 758 2384 allegationibus
777 2303 887 2379 utitur,
903 2303 965 2365 nisi
985 2303 1074 2385 prius
1095 2303 1258 2378 iuraverit,
1273 2303 1363 2384 quod

212 2415 334 2490 putans
350 2427 385 2469 se
400 2405 489 2470 bona
505 2405 662 2468 instantia
683 2406 731 2467 uti
752 2405 795 2468 ad
818 2405 1110 2470 contradicendum
1126 2407 1284 2488 pervenit.
1328 2417 1365 2471 at

212 2511 370 2574 adversus
386 2509 566 2572 infitiantes
582 2529 626 2571 ex
641 2507 840 2590 quibusdam
860 2509 966 2572 causis
986 2507 1079 2590 dupli
1102 2508 1154 2573 vel
1172 2509 1261 2591 tripli
1277 2512 1364 2574 actio

212 2614 433 2692 constituitur,
455 2611 557 2676 veluti
581 2612 607 2674 si
629 2611 742 2674 damni
766 2611 901 2674 iniuriae
919 2621 978 2676 aut
999 2611 1185 2694 legatorum
1205 2613 1286 2676 locis
1308 2634 1364 2677 ve-

213 2715 415 2780 nerabilibus
432 2715 618 2779 relictorum
637 2715 772 2777 nomine
793 2715 910 2798 agitur.
955 2715 1068 2779 statim
1084 2725 1196 2780 autem
1212 2715 1255 2780 ab
1271 2717 1365 2781 initio

210 2819 313 2902 pluris
334 2839 435 2902 quam
455 2817 565 2900 simpli
589 2826 639 2882 est
661 2818 748 2882 actio
767 2817 869 2882 veluti
893 2817 970 2882 furti
993 2820 1158 2884 manifesti
1179 2820 1365 2904 quadrupli,

211 2943 272 2987 nec
296 2922 459 2986 manifesti
485 2921 599 3004 dupli:
631 2941 709 2984 nam
734 2942 778 2986 ex
801 2921 853 2984 his
876 2924 983 2986 causis
1005 2933 1038 2987 et
1061 2922 1135 2987 aliis
1158 2925 1365 3006 quibusdam,

210 3027 280 3092 sive
306 3027 380 3109 quis
406 3035 506 3108 neget
530 3026 599 3088 sive
622 3024 771 3103 fateatur,
798 3025 902 3107 pluris
932 3046 1032 3108 quam
1058 3027 1168 3111 simpli
1192 3037 1242 3092 est
1268 3028 1364 3093 actio

210 3129 290 3194 item
315 3129 435 3194 actoris
459 3149 591 3211 quoque
616 3127 781 3192 calumnia
807 3138 993 3194 coercetur:
1041 3151 1119 3193 nam
1146 3131 1247 3194 etiam
1273 3140 1365 3195 actor

210 3255 271 3316 pro
287 3233 452 3297 calumnia
469 3234 573 3295 iurare
589 3231 718 3315 cogitur
734 3253 778 3296 ex
794 3241 906 3296 nostra
921 3233 1164 3296 constitutione.
1194 3234 1365 3317 utriusque

211 3339 313 3402 etiam
337 3338 441 3419 partis
464 3337 618 3399 advocati
642 3336 867 3399 iusiurandum
888 3336 1038 3410 subeunt,
1055 3336 1145 3416 quod
1165 3335 1231 3399 alia
1250 3347 1364 3401 nostra

209 3441 446 3506 constitutione
476 3438 751 3522 comprehensum
782 3447 841 3503 est.
899 3438 981 3503 haec
1015 3447 1128 3501 autem
1160 3439 1273 3502 omnia
1302 3461 1362 3522 pro

209 3695 321 3764 double,
334 3711 366 3749 as
386 3694 409 3749 is
429 3695 505 3749 clear
522 3694 595 3748 from
614 3693 663 3748 the
682 3703 748 3762 text,
766 3694 889 3749 because
908 3695 988 3750 there
1007 3693 1031 3749 is
1050 3711 1088 3748 no
1107 3693 1266 3761 difference,
1281 3711 1313 3748 as
1333 3691 1362 3748 in

208 3778 342 3847 ordinary
362 3779 471 3833 actions
492 3778 550 3832 and
569 3775 670 3847 simple
688 3776 843 3846 interdicte,
862 3778 990 3832 between
1010 3779 1058 3833 the
1078 3776 1234 3848 respective
1256 3776 1315 3832 rdle
1333 3777 1366 3831 of

208 3860 334 3931 plaintisf
347 3861 405 3916 and
418 3861 591 3926 defendant;
610 3861 659 3914 the
680 3859 789 3914 burden
811 3860 842 3913 of
858 3860 943 3930 proos
957 3860 1009 3915 lies
1029 3877 1105 3931 upon
1122 3860 1171 3915 the
1188 3869 1243 3914 two
1255 3857 1361 3929 parties

208 3945 329 4014 equally,
348 3943 406 3998 and
425 3943 583 3998 whichever
601 3959 703 4012 proves
722 3943 783 3997 that
801 3943 838 3997 he
857 3944 909 3997 has
928 3953 978 3998 not
998 3943 1133 3998 obtained
1148 3942 1311 4013 possession
1325 3943 1361 4012 vi,

208 4029 291 4097 clam,
304 4045 337 4080 or
348 4027 476 4097 precario
489 4027 561 4081 from
574 4027 623 4081 the
640 4027 722 4081 other
737 4026 791 4080 will
803 4026 866 4095 win,
881 4026 938 4081 and
954 4028 1002 4081 the
1018 4029 1099 4081 other
1112 4027 1148 4081 be
1161 4025 1341 4081 condemned
1353 4046 1361 4092 ς

208 4111 278 4181 ‘par
296 4128 383 4165 causa
400 4109 527 4165 omniurn
546 4109 670 4164 videtur’
690 4109 888 4180 Dig.5.1.13,
908 4109 962 4179 ‘hi‚
982 4111 1083 4182 quibus
1106 4109 1241 4180 competit
1263 4109 1359 4180 (inter-

208 4193 326 4262 dictum)
340 4204 368 4249 et
387 4204 497 4248 actores
517 4203 545 4248 et
564 4193 604 4248 rei
624 4194 704 4248 sunt'
717 4193 754 4248 ib.
767 4208 809 4262 43.
828 4207 904 4262 rm
922 4209 944 4261 1,
965 4193 1130 4265 ‘quaeritur,
1145 4193 1207 4265 quis
1225 4204 1304 4248 actor
1319 4193 1360 4247 in·

208 4276 362 4346 tellegitur'
376 4277 441 4346 Dig.
458 4290 479 4346 5.
498 4291 520 4331 1.
537 4291 576 4345 13,
591 4277 724 4347 ‘uterque
737 4287 816 4331 actor
828 4279 886 4331 est’
900 4277 936 4332 ib.
949 4291 992 4344 44.
1007 4291 1030 4344 7.
1046 4290 1088 4345 37.
1106 4291 1128 4330 1.

245 4357 259 4431 ξ
273 4365 301 4415 8.
322 4361 379 4414 For
391 4359 523 4416 interdict
538 4359 694 4430 procedure
712 4359 740 4413 in
754 4361 802 4415 the
819 4359 920 4414 earlier
932 4359 1031 4430 period
1046 4359 1104 4414 and
1116 4359 1206 4414 under
1217 4356 1359 4430 Justinian

208 4461 256 4498 see
269 4445 318 4498 the
331 4444 390 4498 first
403 4454 469 4499 note
482 4460 558 4513 upon
571 4443 627 4498 this
641 4442 723 4498 Title.

243 4529 303 4581 uit.
316 4529 404 4582 XVI.
414 4529 437 4582 1.
460 4528 494 4580 ln
507 4527 555 4581 the
567 4525 636 4582 time
646 4525 678 4580 of
687 4524 776 4580 Galus
789 4525 837 4581 the
850 4525 1004 4582 defendant
1015 4525 1098 4581 could
1110 4527 1146 4583 be
1157 4525 1316 4597 compelled
1329 4536 1359 4581 to
