3268 5142
186 454 237 503 Tr,
249 445 299 517 15]
593 442 653 500 oa
674 446 957 507 Jwrenorcrrs
1273 453 1337 524 597

186 611 238 691 sit,
261 611 338 676 licet
361 607 388 674 is
411 607 480 674 eius
503 604 562 672 iuri
586 610 752 675 subiectus
776 613 916 690 nonsit,
941 612 1046 694 qualis
1070 623 1120 677 est
1144 611 1279 676 colonus
1303 623 1338 678 et

187 715 383 798 inquilinus:
407 735 466 798 per
489 735 546 777 eos
573 735 716 796 quoque,
741 717 829 797 apud
857 737 940 798 quos
965 717 1155 798 deposuerit
1181 717 1254 799 quis
1278 727 1338 780 aut

187 819 306 900 quibus
337 818 605 893 commodaverit,
635 819 706 900 ipse
740 819 909 901 possidere
939 821 1085 883 videtur:
1118 808 1152 884 et
1181 817 1244 884 hoc
1276 833 1336 896 est,

186 923 276 1003 quod
298 923 417 986 dicitur
435 923 574 985 retinere
597 922 836 1003 possessiouem
859 943 957 1005 posse
978 923 1123 1005 aliquem
1148 943 1205 1007 per
1220 942 1338 1005 quern-¹

185 1027 276 1102 libet,
292 1025 349 1108 qui
372 1027 442 1089 eius
465 1026 598 1088 nomine
621 1027 663 1088 sit
686 1026 719 1088 in
742 1028 958 1108 possessione.
1003 1027 1082 1109 quin
1104 1027 1204 1090 etiam
1226 1029 1338 1091 animo

187 1149 318 1212 quoque
335 1128 463 1193 retineri
485 1131 726 1212 possessionem
750 1129 868 1212 placet,
884 1130 918 1193 id
939 1140 989 1194 est
1006 1139 1051 1209 ut,
1066 1131 1216 1213 quamvis
1232 1151 1338 1213 neque

187 1233 257 1314 ipse
272 1233 315 1296 sit
331 1232 363 1294 in
379 1233 585 1314 possessione
605 1253 712 1315 neque
734 1235 803 1296 eius
823 1234 956 1297 nomine
977 1232 1069 1310 alius,
1086 1243 1199 1298 tamen
1225 1235 1251 1297 si
1272 1256 1339 1298 non

187 1336 420 1419 relinquendae
441 1337 656 1418 possessionis
680 1337 801 1415 animo,
825 1338 883 1402 sed
911 1347 1027 1421 postea
1051 1358 1237 1402 reversurus
1262 1337 1339 1402 inde'

187 1437 379 1518 discesserit,
400 1440 539 1503 retinere
561 1440 801 1524 possessionem
822 1441 961 1506 videtur.
1008 1442 1146 1524 adipisci
1165 1461 1243 1504 vero
1262 1462 1338 1523 pos-

187 1543 365 1608 sessionem
388 1562 446 1625 per
465 1563 548 1626 quos
568 1543 686 1625 aliquis
705 1551 825 1626 potest,
843 1545 988 1608 secundo
1009 1543 1093 1607 libro
1110 1546 1337 1626 exposuimus.

187 1664 246 1710 nec
261 1645 328 1710 ulla
344 1646 508 1710 dubitatio
529 1655 587 1725 est,
611 1647 690 1730 quin
713 1648 825 1711 animo
849 1648 919 1712 solo
940 1649 1181 1731 possessionem
1198 1647 1336 1729 adipisci

187 1771 285 1814 nemo
301 1755 422 1831 potest.
468 1749 719 1833 Reciperandae
731 1751 947 1832 possessionis
963 1772 1061 1816 causa
1076 1750 1160 1815 solet
1176 1749 1335 1826 interdici,
1349 1761 1367 1814 6

186 1855 212 1916 si
238 1854 313 1936 quis
339 1873 382 1916 ex
406 1854 613 1935 possessione
636 1853 728 1918 fundi
754 1854 805 1918 vel
832 1856 963 1918 aedium
988 1855 1020 1918 vi
1046 1855 1194 1919 deiectus
1219 1849 1336 1917 suerit!

186 1977 261 2020 nam
279 1957 308 2020 ei
325 1958 518 2039 proponitur
533 1957 744 2022 interdictum
761 1959 849 2022 unde
865 1961 906 2034 vi,
924 1979 982 2042 per
996 1961 1085 2042 quod
1102 1960 1128 2022 is
1145 1959 1201 2041 qui
1217 1957 1337 2021 deiecit

185 2061 314 2144 cogitur
329 2061 358 2124 ei
375 2059 544 2124 restituere
560 2061 812 2144 possessionem,
827 2063 905 2128 licet
926 2063 954 2126 is
972 2063 1014 2127 ab
1037 2084 1076 2127 eo
1093 2062 1150 2144 qui
1166 2062 1198 2125 vi
1216 2061 1336 2126 deiecit

184 2163 216 2228 vi
238 2165 290 2227 vel
314 2164 398 2227 clam
425 2163 476 2227 vel
503 2165 648 2247 precario
671 2165 873 2247 possidebat.
926 2167 982 2230 scd
1014 2188 1059 2230 ex
1088 2165 1188 2230 sacris
1214 2164 1336 2229 consti·

184 2268 375 2344 tutionibus,
393 2277 429 2332 ut
444 2289 543 2352 supra
560 2269 715 2344 diximus,
735 2270 761 2332 si
777 2271 851 2352 quis
866 2291 935 2334 rem
957 2271 1098 2353 pervim
1117 2267 1336 2352 occupaverit,

184 2372 212 2434 si
235 2371 370 2454 quidem
395 2372 428 2434 in
452 2372 547 2435 bonis
571 2374 645 2451 eius,
662 2381 722 2452 est,
738 2374 886 2437 dominio
902 2373 972 2438 eius
994 2374 1146 2458 privatur,
1170 2373 1197 2435 si
1219 2373 1336 2450 aliena,

184 2483 260 2559 post
291 2475 361 2539 eius
391 2475 633 2540 restitutionem
665 2479 767 2540 etiam
795 2477 1060 2541 aestimationem
1091 2477 1136 2539 rei
1162 2475 1242 2538 dare
1266 2475 1334 2540 vim

183 2600 282 2664 passo
309 2578 526 2662 compellitur.
579 2581 635 2662 qui
666 2589 777 2644 autem
808 2581 951 2664 aliquem
979 2581 1022 2643 de
1047 2579 1252 2664 possessione
1278 2577 1336 2662 per

183 2683 250 2746 vim
264 2683 427 2760 deiecerit,
440 2692 570 2748 tenetur
585 2683 659 2766 lege
676 2684 814 2749 Iuliade
829 2686 861 2748 vi
876 2683 1003 2768 privata
1016 2693 1073 2748 aut
1086 2684 1128 2747 de
1139 2683 1171 2746 vi
1183 2683 1314 2766 publica
1327 2707 1335 2748 s

183 2787 242 2850 sed
266 2788 309 2850 de
331 2787 363 2850 vi
386 2786 523 2870 privata,
546 2787 573 2850 si
596 2789 666 2851 sine
689 2789 788 2851 armis
813 2789 881 2852 vim
907 2787 1029 2866 lecerit,
1052 2788 1236 2852 sinautem
1260 2807 1336 2850 cum

183 2890 283 2954 armis
299 2909 375 2952 eum
394 2890 437 2953 de
457 2891 661 2973 possessione
683 2891 856 2974 expulerit,
872 2892 914 2955 de
930 2892 961 2955 vi
982 2893 1124 2975 publica.
1169 2909 1336 2955 armorum

183 3004 296 3057 autem
326 2993 548 3076 appellatione
579 3015 645 3058 non
675 2994 782 3059 solum
812 3005 908 3060 scuta
937 3004 971 3058 et
1002 2995 1131 3078 gladios
1161 3005 1194 3060 et
1223 2996 1337 3078 galeas

186 3249 230 3302 lll
245 3266 321 3320 supr.
359 3249 421 3304 The
440 3247 581 3320 following
601 3259 674 3305 texts
694 3247 747 3304 will
767 3250 833 3321 help
852 3261 882 3306 to
902 3250 1042 3305 elucidare
1063 3251 1111 3305 the
1136 3261 1251 3320 present
1270 3268 1335 3322 pas·

184 3337 270 3390 sage:

220 3403 286 3473 Dig.
300 3417 343 3471 41.
357 3419 413 3473 2.9
432 3403 615 3473 ‘generaliter
635 3401 762 3476 quisquis
780 3403 896 3460 omnino
913 3412 1009 3458 nostro
1026 3395 1141 3457 nomine
1164 3399 1199 3459 sit
1221 3403 1252 3459 r‘n
1268 3404 1334 3475 pos-

182 3488 308 3555 sessione,
328 3487 413 3542 veluti
439 3497 611 3557 procurator,
631 3487 744 3558 hospes,
763 3487 880 3556 amicus,
899 3503 951 3541 nos
971 3486 1114 3557 possidere
1132 3485 1278 3554 videmur,'
1295 3487 1333 3542 ib.

186 3585 224 3624 10.
243 3585 252 3624 1
269 3568 361 3624 ‘aliud
375 3581 417 3625 est
430 3612 436 3624 .
451 3612 457 3626 .
472 3611 478 3625 .
492 3571 659 3642 .possz'dere,
679 3572 762 3640 longe
781 3571 858 3626 aliud
878 3571 910 3625 in
924 3569 1095 3641 possessione
1116 3569 1187 3638 esse,’
1206 3569 1245 3623 ib.
1260 3583 1301 3638 25.
1320 3585 1330 3624 1

183 3655 251 3708 ‘nec
260 3652 333 3708 inter
346 3655 477 3708 colonum
488 3664 515 3709 et
526 3671 638 3708 servum
649 3665 785 3723 nostrum,
796 3672 847 3724 per
856 3665 940 3724 quem
950 3651 1160 3724 possessionem
1169 3651 1332 3721 retinemus,

182 3737 334 3808 quicquam
360 3736 493 3806 interest,’
513 3737 602 3792 Gaius
629 3735 663 3792 iv.
693 3751 741 3807 153
760 3737 932 3808 ‘quinetiam
956 3735 1081 3807 plerique
1106 3746 1214 3808 putant,
1236 3737 1333 3791 animo

182 3837 295 3891 quoque
307 3820 419 3875 retineri
434 3821 653 3891 possessionem,
664 3821 740 3892 quod
752 3831 913 3876 nostrorum
926 3821 1003 3876 verbi
1017 3820 1108 3890 gratia
1120 3821 1290 3875 aestivorum
1304 3833 1332 3875 et

182 3904 364 3958 hibernorum
384 3906 507 3959 saltuum
526 3903 622 3959 animo
642 3907 712 3973 solo,
732 3903 798 3975 quia
816 3903 996 3972 voluerimus,
1009 3923 1044 3959 ex
1065 3922 1122 3975 quo
1140 3903 1332 3974 discessimus,

182 3987 292 4057 reverti,
319 3988 440 4044 retinere
466 3987 678 4058 possessionem
704 3987 866 4056 videmur,'
889 3989 965 4042 Paul.
980 3997 1050 4043 senc
1064 4005 1119 4042 rec.
1134 3999 1156 4058 5.
1171 3999 1196 4042 2.
1213 4001 1223 4041 1
1239 3986 1333 4056 ‘(pos-

182 4069 350 4139 sessionem)
373 4071 494 4126 retinere
515 4071 592 4124 nudo
615 4070 711 4125 animo
731 4087 890 4141 possumus,
913 4071 985 4126 sicut
1011 4071 1039 4125 in
1065 4069 1182 4126 saltibus
1206 4070 1332 4124 hibernis

181 4153 353 4225 aestivisque
373 4153 527 4223 contingit,'
546 4153 612 4221 Dig.
626 4168 668 4221 41.
683 4169 707 4208 2.
722 4169 746 4222 3.
764 4169 773 4208 1
790 4153 960 4223 ‘apiscimur
985 4155 1195 4224 possessionem
1215 4169 1332 4223 corpore

180 4247 209 4292 et
223 4237 327 4306 animo,
341 4254 432 4308 neque
445 4253 495 4307 per
508 4254 538 4291 se
551 4237 656 4304 animo,
669 4247 716 4291 aut
729 4255 779 4307 per
792 4254 822 4291 se
836 4239 969 4306 corpore'
982 4237 1020 4292 ib.
1034 4237 1058 4293 8.

218 4322 275 4374 For
287 4322 335 4376 the
348 4321 499 4376 difference
512 4320 639 4376 between
653 4321 769 4376 colonus
782 4321 839 4374 and
851 4320 1003 4390 inquilinus
1017 4338 1064 4376 see
1075 4337 1100 4390 p.
1111 4334 1164 4387 424
1173 4337 1248 4390 supr.
1269 4321 1331 4374 The

180 4404 324 4460 reference
346 4405 389 4459 sor
410 4403 578 4475 acquisition
600 4404 633 4458 ol
653 4403 816 4474 possession
839 4404 960 4474 through
981 4405 1075 4459 others
1098 4403 1121 4458 is
1143 4414 1172 4458 to
1196 4403 1247 4457 Bk.
1264 4401 1292 4458 ii.
1306 4411 1329 4473 9'.

180 4503 288 4557 4supr.

218 4569 276 4642 §6.
296 4571 397 4627 Under
418 4573 465 4628 the
491 4571 570 4626 older
588 4571 640 4627 law
663 4572 741 4627 there
764 4589 836 4627 were
857 4580 912 4627 two
934 4569 1080 4627 interdicts
1102 4571 1145 4626 lor
1166 4572 1331 4644 recovering
