3266 5188
203 421 252 472 ra.
262 414 296 482 7.]
310 413 423 485 Quor>
434 411 586 468 conso
596 411 899 484 QUHNALJENA
910 413 1270 484 aornsrarasac,
1286 417 1350 489 557

200 579 329 644 tionem
358 577 601 652 accommodat,
625 595 712 659 quae
733 575 907 642 tributaria
926 577 1120 661 appellatur.
1177 579 1383 646 Praeteread

204 682 392 746 introducta
406 692 457 746 est
471 682 559 746 actio
574 682 617 746 de
637 680 767 764 peculio
788 684 896 764 deque
917 703 966 760 eo,
981 685 1071 766 quod
1092 684 1125 745 in
1142 704 1210 747 rem
1227 682 1353 747 domini

204 806 335 850 versum
366 785 435 864 erit,
468 793 515 860 ut,
545 785 695 867 quamvis
725 785 796 849 sine
824 785 993 850 voluntate
1027 786 1152 850 domini
1183 786 1354 870 negotium

202 899 335 972 gestum
363 888 433 962 erit,
457 897 570 954 tamen
597 888 665 954 sive
689 889 768 970 quid
792 889 826 952 in
850 909 919 952 rem
945 889 1014 953 eius
1034 911 1167 978 ‘uersum
1190 889 1296 964 suerit,
1320 888 1354 952 id

205 1001 314 1056 toturn
330 1001 497 1075 praestare
512 991 641 1069 debeat,
657 992 725 1056 sive
740 993 819 1075 quid
840 1014 906 1056 non
922 994 965 1057 sit
985 992 1019 1056 in
1039 1013 1108 1056 rern
1130 994 1199 1057 eius
1213 1012 1355 1066 versum,

206 1097 240 1162 id
263 1107 400 1162 eatenus
422 1105 590 1178 praestare
611 1097 741 1174 debeat,
764 1106 927 1178 quatenus
946 1096 1114 1179 peculium
1138 1097 1270 1178 patitur.
1317 1096 1357 1160 In

206 1221 278 1264 rem
305 1210 418 1264 autern
445 1199 570 1264 domini
595 1219 725 1264 versum
752 1199 962 1282 intellegitur,
986 1199 1148 1283 quidquid
1174 1199 1358 1263 necessario

207 1302 241 1366 in
264 1323 333 1368 rem
358 1303 428 1366 eius
451 1302 650 1384 impenderit
673 1323 793 1381 servus,
815 1303 917 1368 veluti
940 1303 967 1366 si
990 1313 1162 1366 mutuatus
1185 1303 1359 1385 pecuniam

208 1406 422 1470 creditoribus
455 1406 524 1470 eius
554 1405 686 1470 solverit
715 1415 773 1470 aut
802 1406 952 1470 aedificia
986 1407 1116 1470 ruentia
1145 1405 1272 1469 fulserit
1301 1413 1360 1470 aut

207 1510 352 1574 familiae
374 1509 574 1574 frumentum
597 1510 714 1573 emerit
738 1509 791 1573 vel
815 1509 916 1573 etiam
939 1509 1077 1572 fundum
1094 1519 1151 1573 aut
1175 1508 1360 1591 quamlibet

208 1614 308 1678 aliam
324 1634 393 1676 rern
409 1615 625 1678 necessariam
641 1622 803 1677 mercatus
819 1613 889 1677 erit.
935 1613 1054 1694 Itaque
1073 1613 1099 1675 si
1119 1633 1165 1676 ex
1187 1612 1303 1675 decern
1323 1620 1360 1675 ut

209 1728 291 1800 puta
307 1717 421 1794 aureis,
436 1737 520 1799 quos
538 1737 651 1781 servus
665 1726 742 1780 tuus
758 1737 778 1780 a
794 1715 885 1779 Titio
902 1727 1034 1780 mutuos
1054 1716 1190 1798 accepit,
1208 1713 1359 1780 creditori

48 1809 57 1828 ⁸
210 1832 269 1885 tuo
296 1821 440 1904 quinque
464 1841 579 1884 aureos
604 1819 745 1898 solverit,
772 1819 915 1902 reliquos
941 1841 1019 1883 vero
1045 1821 1190 1902 quinque
1212 1817 1361 1900 quolibet

108 1913 111 1918 ¹
211 1925 311 1990 modo
332 1925 580 2006 consumpserit,
594 1944 655 2006 pro
674 1925 819 2006 quinque
838 1921 973 2006 quidem
994 1923 1027 1986 in
1048 1923 1189 1986 solidum
1209 1920 1360 1986 damnari

211 2029 323 2105 debes,
338 2048 398 2110 pro
421 2026 537 2092 ceteris
559 2047 638 2092 vero
660 2027 806 2110 quinque
829 2035 975 2104 eatenus,
992 2035 1154 2108 quatenus
1176 2027 1210 2088 in
1231 2023 1361 2107 peculio

210 2133 274 2196 sit:
295 2153 341 2196 ex
362 2153 428 2214 quo
449 2131 573 2195 scilicet
593 2139 741 2214 apparet,
756 2131 783 2194 si
805 2129 867 2193 toti
883 2129 998 2194 decem
1017 2129 1107 2192 aurei
1128 2130 1160 2191 in
1183 2148 1252 2192 rern
1268 2136 1361 2190 tuam

212 2237 296 2300 versi
312 2235 439 2311 fuerint,
456 2243 545 2299 totos
561 2235 677 2300 decern
693 2255 809 2298 aureos
827 2234 954 2298 Titium
969 2232 1124 2315 consequi
1140 2252 1246 2314 posse.
1283 2231 1363 2296 licet

215 2341 302 2404 enim
326 2359 389 2402 una
413 2347 464 2403 est
486 2339 582 2414 actio,
605 2359 672 2421 qua
698 2337 741 2402 de
764 2337 893 2420 peculio
920 2337 1027 2419 deque
1052 2357 1091 2399 eo
1118 2337 1207 2417 quod
1234 2336 1269 2399 in
1293 2355 1363 2402 rem

213 2442 340 2509 domini
359 2463 489 2506 versum
509 2442 552 2506 sit
571 2443 688 2525 agitur,
704 2451 816 2505 tamen
836 2441 920 2504 duas
938 2439 1041 2503 habet
1059 2437 1363 2503 condemnationes.

213 2547 327 2630 itaque
347 2545 457 2621 iudex,
474 2547 563 2629 apud
578 2567 678 2628 quern
700 2545 742 2608 de
763 2565 802 2608 ea
824 2544 954 2608 actione
971 2543 1087 2628 agitur,
1104 2552 1183 2607 ante
1204 2541 1365 2624 dispicere

215 2652 308 2729 solet,
334 2670 376 2712 an
402 2651 435 2712 in
466 2671 535 2714 rem
561 2649 688 2714 domini
717 2669 847 2713 versum
877 2649 931 2723 sit,
957 2667 1018 2712 nec
1047 2645 1143 2712 aliter
1172 2646 1215 2710 ad
1246 2644 1365 2727 peculii

215 2754 478 2820 aestimationem
494 2753 620 2830 transit,
636 2752 778 2835 quamsi
794 2761 852 2816 aut
868 2749 947 2814 nihil
964 2752 997 2814 iu
1009 2771 1078 2814 rem
1094 2750 1220 2814 domini
1235 2768 1366 2813 versum

215 2857 427 2939 intellegatur
441 2867 499 2922 aut
520 2877 586 2922 non
606 2865 737 2921 toturn..
773 2855 859 2920 Cum
880 2864 992 2919 autem
1011 2854 1187 2938 quaeritur,
1203 2861 1366 2936 quantum

215 2961 249 3024 in
271 2959 402 3044 peculio
424 2960 475 3038 sit,
498 2969 575 3024 ante
593 2960 775 3031 deducitur,
794 2959 956 3042 quidquid
979 2979 1090 3022 servus
1113 2957 1248 3021 domino
1267 2955 1366 3040 quive

217 3064 250 3128 iu
266 3073 432 3147 potestate
448 3063 516 3128 eius
531 3063 573 3127 sit
585 3064 694 3141 debet,
707 3072 740 3127 et
756 3065 846 3146 quod
863 3071 1020 3146 superest,
1033 3062 1066 3126 id
1079 3061 1185 3124 solum
1201 3059 1367 3142 peculium

217 3167 428 3250 intellegitur.
472 3167 651 3251 aliquando
666 3177 779 3231 tamen
795 3167 838 3245 id,
854 3167 943 3248 quod
960 3167 989 3229 ei
1005 3167 1107 3230 debet
1122 3185 1244 3241 servus,
1261 3164 1317 3245 qui
1333 3164 1367 3226 in

199 3261 384 3354 'potestate
404 3272 530 3338 domini
548 3273 680 3348 sitnon
699 3271 873 3336 deducitur
892 3291 936 3333 ex
957 3269 1094 3352 peculio,
1109 3268 1212 3332 veluti
1236 3267 1263 3329 si
1284 3267 1312 3329 is
1333 3266 1367 3328 in

217 3375 314 3440 huius
334 3375 436 3456 ipsius
456 3375 586 3457 peculio
607 3376 658 3439 sit.
703 3375 792 3456 quod
813 3395 853 3437 eo
874 3373 1024 3455 pertinet,
1040 3379 1085 3448 ut,
1101 3371 1128 3433 si
1147 3371 1226 3452 quid
1247 3369 1369 3433 vicario

218 3500 277 3542 suo
306 3499 417 3542 servus
440 3479 570 3555 debeat,
596 3479 629 3542 id
655 3500 698 3543 ex
723 3477 852 3560 peculio
878 3477 947 3542 eius
972 3494 1037 3538 non
1061 3475 1254 3538 deducatur.

256 3715 269 3787 §
283 3719 313 3770 4.
334 3716 468 3771 Hirherto
480 3733 522 3770 we
534 3717 606 3770 have
618 3715 677 3770 had
689 3723 719 3770 to
732 3713 864 3769 consider
879 3713 947 3782 only
959 3721 1100 3767 eontracts
1113 3710 1198 3766 made
1210 3710 1249 3779 by
1261 3725 1279 3763 a
1291 3709 1369 3763 slave

219 3801 286 3855 with
307 3799 350 3855 his
370 3801 498 3854 master's
516 3799 684 3869 knowledge
705 3815 737 3853 or
760 3815 833 3853 even
853 3797 891 3866 by
913 3797 957 3850 his
976 3813 1092 3866 express
1114 3792 1275 3863 authority;
1293 3808 1370 3862 upon

220 3885 319 3953 which,
333 3884 376 3938 lor
387 3885 448 3939 that
462 3899 529 3952 very
541 3899 651 3952 reason,
665 3883 713 3938 the
732 3891 839 3937 master
854 3897 912 3936 was
929 3880 997 3934 held
1014 3879 1098 3934 liable
1111 3878 1140 3932 in
1154 3877 1285 3943 solidum,
1298 3893 1329 3930 or
1342 3885 1371 3930 at

220 3985 277 4037 any
288 3978 349 4022 rate
361 3984 419 4022 was
432 3967 618 4037 compellable
636 3977 667 4020 to
684 3983 741 4036 pay
753 3983 791 4036 up
810 3975 841 4020 to
859 3981 877 4018 a
895 3963 1003 4018 certain
1021 3963 1102 4029 limit,
1116 3961 1233 4016 without
1250 3959 1295 4014 his
1308 3975 1371 4012 own

220 4052 319 4106 claims
332 4051 467 4122 enjoying
479 4069 535 4120 any
547 4049 663 4120 priority
676 4067 743 4104 over
755 4050 837 4104 those
850 4048 883 4103 of
892 4047 1025 4116 ordinary
1033 4046 1114 4102 trade
1127 4044 1273 4100 creditore.
1301 4041 1372 4097 This

222 4135 329 4190 section
349 4135 427 4190 deals
446 4135 513 4188 with
533 4134 575 4187 his
594 4133 713 4202 liability
725 4150 762 4187 on
782 4132 902 4187 mustos
917 4131 965 4186 the
984 4131 1083 4185 slaye’s
1100 4131 1182 4184 other
1193 4135 1373 4204 epntracts-

223 4218 306 4274 those
319 4217 409 4272 which
428 4218 465 4272 he
482 4215 568 4271 made
586 4215 702 4271 without
720 4216 770 4270 the
789 4215 917 4270 master's
934 4212 1109 4281 knowledge,
1123 4229 1155 4265 or
1173 4227 1243 4266 ewen
1259 4208 1373 4279 against

221 4301 266 4356 his
275 4301 374 4356 orders
385 4300 523 4368 (‘etiantsi
531 4299 705 4370 prohibuerit
718 4298 846 4354 contrahi
860 4315 925 4352 curn
942 4313 1024 4352 servo
1041 4294 1181 4363 dominus,
1191 4293 1244 4349 erit
1261 4291 1290 4347 in
1307 4309 1373 4346 eum

223 4386 258 4440 de
278 4385 389 4456 peculio
407 4385 497 4440 actio'
511 4383 577 4454 Dig.
595 4395 634 4453 ις.
651 4399 672 4438 1.
686 4398 728 4452 ²9·
745 4381 778 4451 1),
791 4383 842 4437 but
860 4391 911 4436 not
929 4397 1005 4451 upon
1027 4378 1198 4450 obligations
1215 4375 1321 4446 arising
1339 4392 1375 4431 ex

224 4470 296 4524 servi
309 4468 414 4524 delicto
428 4468 507 4539 (Dig.
520 4467 556 4522 ib.
568 4483 592 4536 3.
607 4467 658 4536 11),
672 4483 704 4521 or
716 4467 788 4520 from
802 4474 943 4520 contracts
957 4463 1048 4517 which
1062 4479 1134 4516 were
1146 4461 1253 4529 merely
1265 4458 1332 4530 gists
1344 4468 1375 4514 to

223 4553 272 4612 the
284 4553 366 4608 other
378 4562 468 4622 party,
480 4551 547 4621 -Dig.
563 4565 606 4620 39.
621 4563 643 4620 5.
658 4561 683 4619 7,
696 4566 728 4604 or
740 4549 812 4604 irorn
830 4549 913 4604 those
927 4545 1023 4602 which
1042 4563 1061 4602 a
1079 4543 1276 4600 filiusfamilias
1290 4541 1376 4600 made
