3286 5144
244 442 360 509 tn.16.]
447 440 508 497 DE
522 439 692 498 DUOBUS
706 440 804 497 REIS
817 441 842 497 S
846 441 873 496 T
873 439 1088 514 IPULANDI,
1104 440 1134 496 E
1139 439 1194 496 TC.
1326 447 1389 517 393

243 607 351 674 iacta:
375 617 412 672 ut
427 607 455 670 si
472 607 667 690 stipulemur
681 607 749 670 fieri
765 607 889 689 aliquid
905 606 957 670 vel
973 627 1038 670 non
1055 605 1134 670 heri.
1178 606 1261 670 etin
1277 603 1390 667 huius-

244 711 335 774 modi
373 711 642 792 stipulationibus
678 711 841 793 optimum
882 711 942 774 erit
978 729 1121 791 poenam
1158 708 1315 786 subicere,
1349 727 1392 769 ne

244 815 413 896 quantitas
443 814 664 896 stipulationis
694 815 727 876 in
759 815 883 877 incerto
913 815 956 876 sit
985 833 1024 876 ac
1054 833 1187 876 necesse
1216 812 1259 874 sit
1288 810 1390 873 actori

243 916 394 999 probare,
425 917 505 998 quid
536 919 606 980 eius
636 918 773 981 intersit.
815 919 926 999 itaque
951 917 979 979 si
1009 917 1082 998 quis
1112 925 1149 979 ut
1179 915 1236 978 fiat
1267 915 1391 995 aliquid

245 1019 428 1102 stipuletur,
453 1021 499 1084 ita
528 1021 613 1084 adici
644 1040 750 1102 poena
782 1021 902 1084 debet:
930 1020 974 1083 ‘si
1002 1019 1048 1083 ita
1074 1018 1199 1082 sactum
1226 1037 1291 1080 non
1322 1018 1392 1094 erit,

244 1131 316 1186 tum
347 1143 474 1204 poenae
501 1124 633 1186 nomine
662 1125 778 1188 decern
808 1143 924 1188 aureos
954 1125 1034 1188 dare
1062 1117 1247 1203 spondesl’
1282 1120 1342 1183 sed
1365 1121 1391 1183 si

246 1227 410 1308 quaedam
433 1225 511 1299 fieri,
528 1227 692 1308 quaedam
711 1247 777 1290 non
796 1227 865 1291 fieri
887 1246 953 1290 una
975 1226 1158 1306 eademque
1177 1225 1393 1304 conceptione

245 1329 428 1411 stipuletur,
451 1329 595 1394 clausula
616 1332 676 1394 erit
695 1331 883 1394 huiusmodi
904 1329 1095 1394 adicienda:
1120 1328 1163 1390 ‘si
1183 1328 1338 1390 adversus
1353 1346 1393 1388 ea

245 1431 370 1496 sactum
386 1435 447 1496 erit
462 1434 530 1496 sive
545 1435 623 1516 quid
641 1435 686 1499 ita
706 1433 831 1498 iactum
847 1454 913 1498 non
929 1434 998 1510 erit,
1014 1443 1092 1496 tunc
1111 1451 1238 1513 poenae
1259 1430 1393 1492 nomine

245 1537 361 1600 decem
377 1557 494 1601 aureos
512 1537 592 1600 dare
607 1536 790 1620 spondesi’

773 1805 869 1869 XVI.

351 1980 400 2031 DE
423 1980 571 2032 DUOBUS
595 1981 678 2032 REIS
702 1982 927 2034 STIPULANDI
950 1982 998 2032 ET
1021 1978 1290 2031 PROMITTENDI.

290 2130 337 2195 Et
352 2131 530 2214 stipulandi
547 2143 581 2196 et
597 2133 809 2215 promittendi
829 2133 895 2196 duo
916 2132 1067 2215 pluresve
1087 2133 1133 2196 rei
1154 2130 1223 2194 fieri
1244 2137 1393 2213 possunt.

246 2234 424 2317 stipulandi
461 2235 516 2314 ita,
547 2235 574 2298 si
605 2245 681 2318 post
715 2237 863 2299 omnium
896 2235 1185 2318 interrogationem
1216 2233 1396 2316 promissor

248 2340 447 2420 respondeat
463 2337 649 2422 ‘spondeo'
695 2351 732 2404 ut
753 2352 833 2424 puta
854 2361 929 2404 curn
951 2341 1080 2404 duobus
1096 2340 1273 2422 separatim
1289 2339 1394 2418 stipu-

247 2441 391 2505 lantibus
426 2444 472 2506 ita
505 2443 683 2526 promissor
716 2445 914 2526 respondeat
950 2444 1098 2525 ‘utrique
1132 2453 1278 2506 vestrum
1314 2441 1394 2502 dare

247 2541 434 2628 spondeor'
458 2566 536 2610 nam
561 2549 588 2611 si
619 2547 707 2630 prius
738 2547 827 2611 Titio
857 2549 1082 2630 spoponderit,
1111 2547 1230 2610 deinde
1255 2545 1320 2608 alio
1345 2545 1395 2606 in·

245 2659 435 2732 terrogante
447 2651 618 2731 spondeat,
629 2651 694 2714 alia
706 2661 807 2734 atque
818 2651 882 2714 alia
894 2653 955 2715 erit
971 2650 1129 2733 obligatio
1142 2669 1203 2714 nec
1217 2650 1395 2712 creduntur

247 2895 275 2950 in
291 2895 422 2952 iaciendo
435 2897 610 2954 consistunt!
645 2901 707 2954 The
724 2900 884 2970 advantage
897 2900 929 2954 oi
944 2901 993 2954 the
1010 2917 1109 2954 course
1126 2896 1346 2953 recommended
1365 2895 1394 2950 in

247 2972 295 3034 the
308 2989 365 3034 text
380 2998 436 3034 was
450 2981 572 3036 twolold.
619 2983 680 3036 The
699 2983 840 3052 promisee
857 2999 914 3037 was
933 2983 1020 3037 saved
1040 2983 1088 3036 the
1105 2983 1215 3037 trouble
1229 2981 1263 3035 bf
1276 2978 1395 3050 proving

248 3063 331 3130 ‘quid
350 3081 402 3118 sua
421 3063 547 3118 intersit'
564 3065 757 3138 (‘plerumque
777 3067 899 3122 difficilis
923 3065 1054 3136 probatio
1072 3075 1124 3135 est,
1142 3064 1239 3136 quanti
1259 3063 1395 3133 cuiusque

247 3145 364 3214 intersit,
381 3158 409 3202 et
428 3147 465 3201 ad
484 3147 614 3216 exiguam
633 3167 775 3204 summam
792 3150 955 3205 deducitur’
973 3149 1038 3219 Dig.
1051 3150 1094 3215 46.
1110 3163 1132 3219 5.
1150 3147 1212 3216 rr);
1231 3147 1288 3202 and
1307 3146 1331 3199 ii
1347 3147 1396 3200 the

247 3239 374 3284 contract
388 3247 468 3285 came
481 3241 511 3285 to
524 3232 559 3286 be
573 3233 643 3286 sued
656 3251 740 3303 upon,
752 3235 799 3288 the
812 3233 922 3303 ground
932 3233 964 3286 of
972 3233 1067 3287 action
1080 3251 1137 3287 was
1150 3243 1199 3287 not
1213 3233 1261 3286 the
1270 3229 1395 3300 promise

247 3323 277 3367 to
296 3313 342 3381 do,
355 3314 405 3368 but
424 3315 472 3368 the
490 3315 615 3384 promise
633 3327 663 3370 to
680 3333 735 3386 pay
749 3333 781 3370 so
798 3318 882 3370 much
901 3316 930 3370 in
948 3315 1062 3382 detaut,
1076 3333 1108 3369 so
1126 3317 1186 3370 that
1206 3317 1254 3369 the
1270 3313 1396 3380 remedy,

247 3397 360 3451 instead
372 3398 405 3451 oi
414 3397 499 3468 being
512 3400 560 3453 the
573 3399 647 3454 actio
660 3417 694 3454 ex
707 3400 850 3470 stipulatu,
864 3415 921 3453 was
938 3399 1081 3452 condictio
1099 3397 1167 3453 certi
1184 3397 1250 3452 with
1263 3397 1299 3451 its
1312 3397 1396 3466 penal

248 3482 364 3551 sponsio
386 3483 418 3537 oi
434 3499 489 3538 one
511 3484 587 3538 third
606 3485 639 3538 oi
654 3485 702 3538 the
721 3500 784 3538 sum
804 3483 833 3536 in
852 3483 982 3552 dispute:
1002 3483 1083 3535 ‘cum
1102 3481 1165 3552 quis
1184 3497 1241 3534 non
1260 3480 1396 3534 adiecerit

247 3581 370 3635 poenam
384 3605 391 3620 .
404 3608 410 3621 .
425 3609 431 3621 .
446 3566 543 3622 incerti
564 3567 706 3637 agendum
719 3567 797 3622 esse’
811 3565 877 3635 Dig.
891 3581 913 3620 2.
930 3577 953 3635 5.
968 3580 990 3633 3.
1032 3565 1107 3618 lino
1120 3564 1238 3618 interval
1252 3580 1309 3616 was
1323 3561 1397 3616 fixed

247 3649 291 3702 ior
303 3649 351 3704 the
370 3649 565 3719 performanee
583 3651 615 3704 oi
628 3667 664 3704 an
680 3660 726 3704 act
745 3649 864 3704 secured
881 3650 920 3718 by
934 3665 952 3702 a
964 3647 1087 3717 penalty,
1100 3648 1149 3701 the
1165 3647 1248 3700 latter
1260 3645 1344 3700 could
1360 3645 1396 3700 be

248 3732 319 3786 sued
331 3732 375 3787 ior
386 3733 482 3788 unless
501 3735 549 3788 the
566 3745 613 3788 act
630 3751 687 3788 was
706 3733 866 3804 performed
882 3731 977 3786 within
991 3749 1008 3786 a
1021 3731 1187 3786 reasonable
1200 3729 1286 3784 time:
1307 3727 1398 3784 ‘intra

249 3826 386 3885 quantum
405 3827 500 3870 autem
519 3817 663 3888 temporis,
679 3817 732 3872 nisi
753 3817 834 3871 detur
853 3815 929 3888 quod
948 3815 1053 3870 arbiter
1071 3813 1191 3882 iusserit,
1204 3811 1397 3868 committatur

248 3897 402 3968 stipulatio,
424 3897 578 3954 videndum
603 3910 654 3968 est,
677 3909 704 3954 et
731 3899 753 3954 si
777 3899 891 3970 quidem
913 3899 975 3954 dies
997 3897 1124 3952 adiectus
1149 3913 1206 3951 non
1229 3895 1272 3964 sit,
1297 3895 1396 3950 Celsus

249 3981 345 4035 scribit
365 3981 437 4036 libro
457 3982 491 4035 ii⁰
515 3982 697 4052 Digestorum
718 3983 811 4037 inesse
833 3982 978 4054 quoddam
999 3980 1143 4036 modicum
1165 3991 1295 4050 tempus:
1320 3979 1398 4050 quod

248 4065 296 4118 ubi
310 4064 493 4135 praeterierit,
505 4083 599 4136 poena
611 4067 707 4121 statim
720 4065 777 4136 peti
790 4067 899 4136 potest’
913 4066 977 4136 Dig.
992 4081 1018 4133 4.
1031 4067 1056 4121 8.
1071 4081 1110 4120 21.
1129 4079 1168 4120 12.
1205 4065 1267 4119 The
1280 4073 1397 4118 amount

248 4149 281 4201 oi
290 4149 338 4202 the
352 4165 445 4219 poena
457 4150 514 4204 had
528 4167 565 4204 no
578 4167 707 4206 measure
720 4163 819 4220 except
832 4151 880 4205 the
893 4151 947 4204 will
963 4151 996 4204 ol
1010 4151 1058 4206 the
1075 4149 1188 4220 parties,
1201 4149 1258 4204 and
1272 4148 1292 4204 it
1308 4147 1398 4218 might

248 4232 285 4286 be
298 4233 451 4287 recovered
469 4233 496 4288 in
517 4235 574 4302 full,
587 4251 659 4288 even
678 4234 785 4304 though
799 4235 904 4304 largely
917 4235 1072 4304 exceeding
1088 4235 1136 4290 the
1149 4235 1230 4288 value
1245 4233 1278 4286 oi
1291 4231 1339 4286 the
1352 4243 1398 4286 act

249 4331 282 4370 or
299 4316 485 4372 forbearance
504 4317 656 4388 stipulated
678 4319 728 4388 ior,
749 4318 815 4387 Dig.
827 4333 852 4385 4.
867 4320 891 4374 8.
906 4333 947 4386 3²·
963 4335 1022 4389 pr.;
1045 4333 1087 4374 21.
1101 4333 1125 4374 2.
1141 4318 1180 4388 56.
1221 4319 1253 4372 ln
1277 4315 1397 4384 English

248 4400 302 4453 law
315 4399 371 4454 this
390 4400 414 4454 is
433 4401 580 4456 different:
601 4403 617 4456 8
636 4402 693 4456 and
711 4417 729 4471 9
746 4402 821 4456 Will.
839 4403 893 4456 111.
908 4417 932 4458 c.
949 4417 976 4456 tt
992 4419 999 4468 ς
1018 4401 1104 4468 aand
1120 4413 1133 4471 5
1148 4403 1238 4468 Anne,
1252 4417 1275 4456 c.
1294 4401 1343 4466 163
1364 4413 1398 4468 23

249 4483 306 4537 and
320 4497 355 4549 24
367 4484 441 4539 Vict.
455 4501 479 4539 c.
497 4485 545 4538 126
557 4503 563 4551 ;
582 4485 617 4538 ci.
632 4485 677 4540 Sir
689 4485 734 4540 W.
749 4486 784 4538 R.
797 4485 918 4539 Anson’s
934 4485 999 4538 Law
1011 4485 1044 4540 of
1054 4487 1188 4540 Contract
1202 4501 1246 4556 pp.
1258 4497 1352 4554 243-4.

284 4569 345 4623 un.
357 4571 444 4623 XVI.
484 4570 541 4623 For
553 4569 677 4640 solidary
686 4569 744 4624 and
757 4569 863 4624 correal
876 4567 1030 4640 obligation
1042 4567 1119 4638 (with
1129 4583 1183 4624 one
1197 4567 1229 4624 ol
1237 4567 1286 4604 ⁹¹·-
1298 4567 1397 4604 ···¹¹·=

1514 4648 1600 4661 *-
