3310 5218
211 415 263 464 ru.
276 407 312 474 1.]
552 405 612 462 os
632 407 785 463 RERUM
803 407 1034 468 orvrsrorvs.
1069 385 1072 390 ’
1301 406 1363 490 189

210 574 404 658 occupantis
426 573 474 639 tit.
512 574 694 640 naturalem
716 584 829 639 autem
855 574 1043 640 libertatem
1068 575 1210 661 recipere
1234 577 1363 644 intelle·

209 679 310 762 gitur,
324 701 400 744 cum
411 681 464 745 vel
477 680 591 746 oculos
606 690 681 744 tuos
697 681 847 764 effugerit
858 680 911 744 vel
928 681 974 745 ita
990 683 1032 746 sit
1049 681 1081 744 in
1097 693 1276 764 conspectu
1293 692 1361 758 tuo,

211 793 250 847 ut
267 783 408 848 difficilis
424 787 466 849 sit
482 785 551 848 eius
567 784 760 867 persecutio.
800 784 887 847 Illud
904 787 1090 866 quaesitum
1108 795 1167 864 est,
1183 807 1235 860 an,
1251 788 1278 849 si
1293 785 1362 852 fera
1378 796 1413 850 13

210 885 320 952 bestia
338 888 386 952 ita
401 888 574 953 vulnerata
597 890 647 966 sit,
664 897 700 951 ut
720 887 793 970 capi
810 888 923 969 possit,
939 890 1051 953 statim
1074 897 1132 954 tua
1148 911 1220 954 esse
1236 889 1363 954 intelle-

210 1000 319 1072 gatur.
351 990 550 1073 quibusdam
573 991 697 1075 placuit
716 993 829 1055 statim
848 999 940 1054 tuam
957 1013 1029 1056 esse
1045 1002 1078 1057 et
1095 1014 1135 1057 eo
1151 1015 1254 1076 usque
1270 1004 1363 1058 tuam

209 1093 325 1172 videri,
353 1095 458 1159 donec
486 1116 560 1159 eam
585 1095 802 1178 persequaris,
818 1095 937 1176 quodsi
963 1097 1099 1160 desieris
1120 1099 1282 1180 persequi,
1305 1099 1363 1162 de-

212 1199 320 1262 sinere
347 1209 438 1264 tuam
466 1221 539 1264 esse
566 1210 600 1264 et
626 1221 736 1264 rursus
763 1199 832 1262 fieri
857 1201 1059 1281 occupantis.
1097 1201 1153 1265 alii
1180 1223 1246 1267 non
1270 1202 1365 1268 aliter

212 1312 413 1386 putaverunt
429 1313 521 1367 tuam
542 1325 622 1382 esse,
639 1325 739 1387 quam
763 1305 789 1368 si
813 1304 947 1385 ceperis.
978 1305 1036 1368 sed
1053 1307 1267 1387 posteriorem
1290 1327 1364 1371 sen·

211 1407 355 1471 tentiam
378 1428 439 1472 nos
462 1408 703 1486 confirmamus,
719 1407 797 1490 quia
817 1406 921 1471 multa
936 1408 1084 1473 accidere
1099 1409 1215 1488 solent,
1231 1420 1268 1474 ut
1289 1431 1363 1475 eam

212 1531 281 1574 non
305 1511 425 1593 capias.
469 1511 596 1595 Apium
620 1533 752 1594 quoque
768 1519 885 1575 natura
906 1510 975 1578 sera
994 1523 1054 1577 est.
1085 1513 1198 1596 itaque
1221 1535 1307 1596 quae
1330 1515 1363 1578 in
1379 1517 1413 1572 14

212 1614 331 1677 arbore
346 1625 404 1679 tua
420 1616 633 1689 consederint,
653 1627 832 1697 antequam
855 1635 875 1678 a
898 1624 932 1679 te
953 1615 1048 1681 alveo
1064 1617 1280 1696 includantur,
1297 1639 1363 1683 non

213 1719 323 1800 magis
349 1726 427 1782 tuae
454 1740 525 1782 esse
550 1717 795 1802 intelleguntur,
823 1739 923 1801 quam
948 1719 1107 1798 volucres,
1134 1741 1220 1803 quae
1246 1722 1278 1784 in
1306 1731 1364 1785 tua

212 1823 332 1886 arbore
344 1823 458 1886 nidum
470 1823 625 1888 fecerint:
648 1825 789 1906 ideoque
804 1823 831 1885 si
846 1823 930 1886 alius
946 1843 1001 1887 eas
1017 1823 1192 1900 incluserit,
1209 1825 1235 1887 is
1252 1845 1364 1887 earum

212 1926 369 1990 dominus
386 1928 456 1991 erit.
486 1927 579 1992 favos
594 1949 727 2010 quoque
749 1929 776 1991 si
796 1948 880 2009 quos
901 1927 964 1989 hae
979 1926 1123 2004 iecerint,
1139 1926 1278 2007 quilibet
1294 1929 1364 1990 exi-

213 2049 305 2094 mere
328 2039 448 2113 potest.
479 2031 577 2114 plane
600 2033 727 2114 integra
750 2053 785 2095 re
811 2031 838 2094 si
862 2030 1041 2112 provideris
1068 2029 1305 2111 ingredientem
1332 2031 1364 2095 in

214 2132 356 2197 fundum
372 2144 477 2210 tuum,
493 2143 588 2218 potes
605 2157 680 2199 eum
700 2135 768 2198 iure
784 2133 958 2217 prohibere
981 2153 1021 2196 ne
1043 2132 1253 2215 ingrediatur.
1285 2154 1365 2197 exa·

214 2257 301 2311 men,
315 2238 404 2319 quod
421 2259 464 2302 ex
480 2237 574 2302 alveo
590 2247 648 2303 tuo
664 2237 849 2314 evolaverit,
863 2258 902 2300 eo
918 2258 1023 2320 usque
1038 2247 1132 2300 tuum
1149 2257 1221 2301 esse
1236 2235 1364 2301 intelle-

215 2341 313 2422 gitur,
330 2341 435 2405 donec
458 2343 491 2404 in
514 2353 690 2424 conspectu
711 2353 769 2405 tuo
790 2352 840 2405 est
862 2362 921 2404 nec
940 2341 1080 2406 difficilis
1097 2341 1166 2404 eius
1181 2341 1365 2422 persecutio

215 2452 285 2507 est:
308 2443 453 2526 alioquin
476 2447 668 2528 occupantis
690 2446 737 2510 fit.
788 2445 958 2509 Pavonum
984 2455 1018 2509 et
1044 2443 1270 2510 columbarum
1297 2444 1365 2510 lera
1381 2457 1414 2512 15

215 2557 333 2611 natura
345 2559 404 2613 est.
435 2569 495 2613 nec
510 2550 552 2613 ad
570 2570 639 2614 rem
655 2551 806 2632 pertinet,
818 2550 908 2631 quod
925 2571 968 2612 ex
984 2550 1223 2614 consuetudine
1235 2549 1366 2614 avolare

214 2661 249 2716 et
265 2650 410 2716 revolare
425 2651 551 2717 solent:
574 2673 651 2716 nam
673 2663 707 2718 et
729 2675 808 2736 apes
824 2653 913 2716 idem
932 2653 1065 2731 faciunt,
1081 2675 1220 2736 quarum
1237 2663 1367 2718 constat

214 2754 318 2818 leram
345 2775 418 2819 esse
443 2765 616 2821 naturam:
648 2777 760 2820 cervos
786 2777 919 2839 quoque
942 2758 988 2820 ita
1013 2758 1149 2838 quidam
1175 2768 1366 2822 mansuetos

213 2858 352 2935 habent,
367 2869 405 2922 ut
425 2859 458 2922 in
479 2859 577 2924 silvas
598 2862 644 2925 ire
665 2870 698 2924 et
719 2861 824 2924 redire
845 2860 982 2938 soleant,
999 2882 1140 2943 quorum
1164 2870 1198 2924 et
1221 2862 1365 2943 ipsorum

214 2961 319 3025 ieram
347 2983 419 3026 esse
445 2974 597 3027 naturam
625 2985 723 3028 nemo
748 2974 859 3046 negat.
890 2965 924 3027 in
948 2963 999 3028 his
1018 2974 1131 3028 autem
1158 2964 1366 3038 animalibus,

214 3197 372 3270 occupatio,
391 3200 439 3254 the
461 3199 608 3270 advisedly
625 3200 725 3270 taking
744 3199 907 3271 possession
927 3203 960 3256 os
978 3219 1014 3256 an
1034 3203 1127 3273 object
1146 3202 1238 3256 which
1257 3202 1310 3257 has
1328 3218 1367 3256 no

213 3299 310 3337 owner
323 3282 379 3349 (res
391 3283 505 3351 nullius)
519 3284 585 3338 with
598 3285 646 3339 the
660 3284 798 3340 intention
815 3285 848 3339 of
856 3285 1070 3356 appropriating
1083 3287 1112 3342 it.
1150 3287 1212 3341 The
1225 3285 1367 3356 following

213 3365 299 3420 kinds
312 3366 345 3419 of
352 3383 398 3420 res
417 3366 519 3421 nullius
536 3383 584 3422 are
601 3367 764 3422 mentioned
782 3367 810 3421 in
829 3369 877 3422 the
896 3378 971 3422 text:
991 3369 1055 3422 wild
1068 3369 1197 3436 animals,
1209 3369 1296 3438 birds,
1310 3369 1368 3424 and

167 3446 170 3452 ’
214 3448 309 3516 fishes,
324 3446 356 3519 §i
374 3450 477 3504 12-16:
496 3450 629 3505 enemies’
645 3461 786 3521 property,
801 3449 815 3520 §
834 3464 883 3516 17:
903 3460 999 3503 stones
1013 3451 1070 3504 and
1089 3452 1206 3521 pebbles
1223 3452 1311 3508 found
1330 3469 1367 3507 on

215 3533 264 3586 the
277 3533 447 3600 seashore,§
466 3535 515 3588 18:
535 3533 642 3588 islands
655 3534 743 3603 rising
756 3534 784 3588 in
802 3535 850 3588 the
870 3549 927 3600 sea,
942 3530 956 3601 §
972 3547 1004 3586 22
1019 3551 1024 3586 :
1044 3543 1269 3604 treasure-trove,
1285 3535 1300 3605 ξ
1314 3550 1367 3603 39:

215 3610 274 3669 and
294 3633 340 3670 res
361 3616 520 3685 derelictae,
536 3614 549 3686 ξ
563 3630 605 3684 47.
644 3618 706 3672 The
727 3619 854 3671 Romans
877 3614 933 3669 had
957 3631 994 3668 no
1019 3631 1102 3684 game
1123 3617 1200 3684 laws,
1222 3617 1313 3670 which
1339 3617 1368 3671 in

215 3699 350 3767 England
369 3717 445 3768 grew
466 3709 515 3754 out
534 3700 566 3754 of
583 3700 733 3754 feudalism
755 3699 812 3753 and
834 3699 882 3753 the
902 3707 980 3768 great
1002 3697 1104 3752 sorests
1123 3699 1156 3752 ot
1170 3699 1218 3751 the
1238 3700 1367 3754 Norman

214 3780 298 3850 kings
320 3783 378 3836 and
399 3781 526 3852 nobility.
564 3783 650 3838 Some
670 3783 776 3837 writers
796 3781 869 3836 have
890 3779 1065 3835 maintained
1085 3781 1134 3836 the
1156 3790 1295 3850 contrary,
1317 3782 1368 3838 but

217 3863 284 3933 Dig.
295 3878 339 3932 47.
356 3881 394 3919 10.
412 3880 451 3933 13.
466 3879 481 3932 7
495 3866 518 3920 is
531 3866 643 3937 explicit
657 3877 686 3922 to
699 3867 747 3920 the
765 3866 847 3920 effect
861 3867 922 3920 that
935 3865 983 3920 the
1001 3863 1164 3920 landowner
1180 3881 1233 3919 can
1251 3877 1368 3935 prevent

216 3949 310 4003 others
330 3947 413 4018 (even
432 3947 470 4016 by
488 3949 573 4017 soree,
593 3949 651 4004 Cic.
671 3966 722 4018 pro
742 3950 824 4003 Caec.
839 3950 864 4017 8,
885 3948 1004 4018 Dig.43.
1021 3948 1061 4002 16.
1075 3963 1098 4018 3.
1113 3945 1141 4018 9)
1161 3948 1233 4002 from
1253 3947 1368 4018 coming

216 4047 254 4085 on
275 4031 319 4085 his
341 4032 418 4098 land,
436 4031 486 4086 but
505 4043 554 4087 not
571 4033 644 4086 from
663 4031 820 4102 exercising
838 4033 987 4103 occupatio
1005 4033 1086 4088 when
1106 4034 1191 4088 there.
1232 4033 1257 4085 lt
1276 4033 1369 4088 would

216 4131 294 4170 seem
313 4115 386 4169 from
405 4117 453 4170 the
471 4127 530 4171 text
548 4117 610 4171 that
628 4133 743 4186 express
762 4116 856 4172 notice
876 4127 925 4172 not
948 4128 978 4172 to
996 4127 1076 4172 enter
1092 4134 1150 4172 was
1169 4131 1321 4182 necessary
1339 4125 1368 4170 to

217 4199 368 4254 constitute
382 4217 399 4254 a
412 4210 536 4269 trespass
550 4199 578 4253 in
591 4217 676 4268 every
688 4216 763 4254 case.

253 4285 325 4350 §la
345 4285 408 4337 The
427 4283 496 4337 view
515 4283 583 4336 here
602 4283 757 4336 confirmed
773 4281 812 4352 by
824 4282 964 4352 Justinian
977 4300 1034 4337 was
1053 4283 1114 4337 that
1133 4291 1207 4336 most
1226 4281 1370 4353 generally

217 4365 292 4435 held,
307 4366 372 4436 Dig.
387 4381 430 4433 41.
447 4381 467 4420 1.
484 4379 506 4435 5.
524 4385 534 4420 1
550 4385 556 4420 :
575 4367 623 4422 the
639 4367 720 4420 other
733 4383 790 4421 was
809 4369 870 4422 that
888 4369 920 4422 of
929 4366 1087 4435 Trebatius,
1101 4367 1196 4421 whose
1212 4364 1328 4436 opinion
1345 4368 1369 4423 is

217 4449 315 4518 highly
328 4451 437 4519 spoken
451 4450 483 4502 os
492 4449 520 4503 in
533 4449 647 4518 general
661 4449 689 4503 in
703 4449 757 4504 Tit.
773 4466 787 4503 2
792 4463 804 4520 5
818 4467 859 4520 pr.
873 4450 921 4505 ini.

253 4533 328 4600 §lu
346 4532 476 4590 Animals
496 4533 560 4587 wild
579 4533 617 4603 by
634 4543 743 4603 nature,
762 4534 812 4588 but
831 4533 922 4587 which
944 4532 1002 4586 had
1022 4532 1095 4586 been
1115 4533 1246 4604 partially
1265 4537 1370 4603 tamed,
