3312 5188
178 453 232 502 Tit.
246 446 298 516 ao]
364 443 521 518 QUIBUS
541 444 679 502 MODIS
701 443 929 500 OBLIGATIO
953 445 1169 504 TOLLITUR.
1266 449 1330 520 447

178 632 323 690 servum,
338 610 372 674 in
393 630 461 693 quo
484 629 580 673 usum
602 608 745 673 fructum
763 609 817 673 vel
840 629 935 673 usum
958 609 1100 687 habetis,
1116 610 1267 675 similiter
1287 631 1332 675 ex

178 716 312 780 duabus
328 714 399 778 istis
413 714 521 778 causis
535 713 629 778 vobis
645 713 836 796 adquiritur.
882 712 1103 778 Communem
1125 735 1255 778 servum
1271 735 1362 797 pro3

179 818 349 883 dominica
375 826 470 900 parte
500 817 642 881 dominis
668 817 840 900 adquirere
865 827 992 884 certum
1019 827 1079 892 est,
1106 829 1250 900 excepto
1281 839 1331 896 eo,

180 923 274 1005 quod
306 922 361 986 uni
392 921 590 986 nominatim
622 921 813 1006 stipulando
842 931 900 987 aut
924 943 984 1006 per
1008 922 1221 986 traditionem
1247 923 1332 986 acci-

180 1026 307 1108 piendo
337 1025 384 1088 illi
409 1023 470 1090 soli
500 1025 653 1110 adquirit,
679 1024 793 1103 veluti,
820 1046 895 1090 cum
927 1027 973 1090 ita
999 1025 1193 1108 stipuletur:
1224 1024 1333 1090 ‘Titio

180 1129 321 1194 domino
336 1150 411 1193 ineo
427 1129 506 1194 dare
518 1125 703 1214 spondes?’
727 1131 786 1198 sed
803 1131 829 1194 si
846 1131 942 1196 unius
964 1129 1089 1194 domini
1110 1131 1199 1196 iussu
1222 1149 1334 1194 servus

180 1231 280 1296 luerit
303 1231 489 1315 stipulatus,
504 1233 582 1298 licet
602 1243 702 1298 antea
722 1234 944 1312 dubitabatur,
959 1242 1072 1298 tamen
1094 1243 1170 1316 post
1187 1241 1334 1296 nostram

181 1337 383 1401 decisionem
406 1357 457 1400 res
473 1338 631 1421 expedita
649 1349 709 1418 est,
724 1350 761 1404 ut
784 1338 830 1402 illi
853 1347 985 1405 tantum
1007 1338 1168 1422 adquirat,
1187 1338 1243 1422 qui
1266 1336 1331 1402 hoc

183 1441 216 1505 ei
230 1440 338 1506 lacere
354 1441 457 1522 iussit,
473 1451 624 1526 utsupra
640 1443 767 1508 dictum
784 1451 844 1510 est.

698 1683 831 1749 XX1X.

397 1859 533 1924 Qumus
557 1861 673 1912 uoms
696 1859 897 1912 OBLIGATIO
921 1859 1120 1911 sommus.

232 2009 374 2074 Tollitur
388 2019 501 2074 autem
517 2010 624 2074 omnis
639 2010 799 2093 obligatio
818 2009 980 2074 solutione
997 2011 1066 2074 eius
1082 2011 1171 2093 quod
1188 2011 1335 2087 debetur,
1410 2051 1414 2057 -

187 2115 240 2178 vel
256 2115 283 2178 si
299 2116 372 2199 quis
393 2115 619 2180 consentiente
641 2115 802 2180 creditore
821 2114 911 2180 aliud
930 2136 989 2197 pro
1007 2114 1074 2180 alio
1094 2114 1236 2180 solverit.
1274 2136 1337 2180 nec

187 2227 301 2284 tamen
317 2220 461 2298 interest,
477 2219 550 2302 quis
565 2220 682 2295 solvat,
699 2230 809 2284 utrum
829 2220 901 2302 ipse
918 2221 974 2302 qui
997 2221 1098 2284 debet
1118 2241 1160 2283 an
1176 2220 1260 2284 alius
1277 2240 1337 2302 pro

188 2422 215 2476 ii.
230 2437 254 2490 ᾳ
268 2437 293 2490 4,
307 2422 365 2476 and
378 2423 452 2476 what
470 2422 494 2477 is
512 2421 576 2477 said
593 2423 670 2490 here,
683 2423 744 2476 that
760 2422 797 2475 all
813 2421 994 2476 commodum
1007 2422 1113 2492 arising
1125 2440 1160 2476 ex
1172 2422 1265 2494 operis
1278 2420 1337 2476 suis

189 2523 306 2561 accrues
324 2515 355 2560 to
367 2507 416 2560 the
429 2523 533 2576 person
551 2505 658 2574 having
670 2507 719 2560 the
731 2522 790 2573 use,
802 2522 896 2559 seems
910 2504 1139 2561 irreconcileable
1152 2506 1219 2562 with
1232 2506 1297 2576 Dig.
1312 2518 1338 2572 7.

190 2590 215 2643 8.
232 2603 271 2655 14.
284 2605 325 2659 pr.
339 2588 406 2659 ‘per
418 2605 531 2643 servum
544 2588 688 2643 usuarium
701 2587 724 2642 si
738 2587 855 2658 stipuler
869 2589 913 2643 vel
930 2607 982 2659 per
996 2589 1177 2644 traditionem
1190 2589 1339 2659 accipiam,

189 2689 226 2726 an
246 2671 403 2742 adquiram,
422 2671 572 2742 quaeritur,
592 2671 615 2726 si
634 2689 669 2726 ex
688 2689 718 2726 re
736 2688 801 2726 mea
818 2671 863 2726 vel
882 2689 915 2726 ex
934 2671 1028 2742 operis
1047 2672 1116 2741 eius,
1135 2682 1164 2728 et
1180 2673 1204 2727 si
1224 2671 1339 2744 quidem

189 2777 224 2814 ex
243 2759 336 2829 operis
354 2757 423 2828 eius,
437 2776 494 2814 non
507 2759 620 2828 valebit,
634 2758 768 2830 quoniam
786 2775 839 2813 nec
858 2759 951 2814 locare
970 2759 1030 2815 eius
1048 2777 1149 2830 operas
1167 2777 1340 2832 possumus;

189 2844 242 2898 sed
251 2843 275 2898 si
284 2861 318 2898 ex
327 2861 358 2899 re
368 2861 440 2912 mea,
449 2843 569 2898 dicimus
578 2861 690 2899 servum
699 2843 843 2898 usuarium
853 2842 1035 2913 stipulantem
1045 2845 1088 2898 vel
1099 2861 1149 2914 per
1158 2843 1339 2899 traditionem

191 2927 378 2998 accipientem
392 2927 460 2982 mihi
474 2927 631 2998 adquirere,
645 2944 709 2982 cum
726 2927 782 2981 hac
794 2944 881 2997 opera
893 2927 954 2982 eius
967 2929 1047 2982 utar!
1082 2929 1144 2982 The
1157 2929 1233 2982 truth
1246 2945 1340 2982 seems

191 3021 221 3066 to
241 3011 278 3065 be
299 3013 359 3066 that
380 3013 429 3066 the
451 3011 556 3066 benefit
575 3012 608 3065 oi
622 3029 679 3081 any
698 3021 824 3066 contract
843 3011 927 3066 made
945 3012 984 3080 by
1002 3029 1020 3066 a
1038 3013 1115 3067 slave
1134 3030 1168 3066 ex
1187 3029 1217 3066 re
1235 3010 1339 3066 usuarii

191 3095 290 3150 vested
309 3095 338 3150 in
356 3096 405 3150 the
424 3096 514 3163 latter,
528 3095 635 3166 though
655 3097 692 3150 he
710 3096 795 3150 could
811 3106 861 3151 not
874 3097 912 3151 let
925 3107 973 3151 out
986 3097 1035 3152 the
1048 3099 1148 3152 slave's
1161 3095 1301 3152 services:
1320 3095 1345 3150 il

192 3179 240 3233 the
261 3180 345 3234 latter
365 3180 403 3234 let
425 3181 504 3234 them
525 3189 574 3234 out
595 3179 713 3234 himself
733 3180 782 3234 the
802 3196 911 3235 merces
932 3180 1016 3236 could
1036 3181 1071 3237 be
1091 3180 1213 3236 claimed
1233 3181 1272 3251 by
1291 3181 1341 3236 the

192 3279 304 3332 usuary‚
318 3263 383 3333 Dig.
399 3277 424 3330 7.
437 3265 462 3317 8.
478 3277 517 3331 13.

229 3344 285 3415 58.
305 3347 374 3400 Cod.
388 3361 413 3412 4
427 3360 470 3412 27.
484 3361 518 3414 3:
537 3345 572 3400 cl.
586 3345 641 3399 Tit.
659 3358 697 3412 17.
712 3359 728 3413 3
741 3345 799 3399 and
811 3356 901 3404 notes.
915 3363 990 3417 supr.

228 3433 287 3484 ute
301 3433 423 3484 mx,
442 3429 523 3482 After
532 3427 694 3498 describing
703 3428 767 3482 how
779 3428 949 3498 obligations
963 3446 1030 3499 may
1042 3429 1116 3486 arise
1129 3431 1201 3486 irum
1214 3440 1341 3486 contract

194 3513 250 3566 and
263 3513 493 3583 quasi-contract,
506 3511 647 3581 justinian
661 3510 798 3582 proceeds
811 3521 841 3565 to
856 3513 934 3566 show
946 3513 1011 3566 how
1023 3514 1090 3583 they
1103 3531 1150 3569 are
1163 3514 1340 3582 discharged.

196 3597 273 3651 llere
292 3597 341 3650 the
363 3596 512 3666 metaphor
528 3595 568 3665 by
586 3595 677 3649 which
693 3594 768 3648 their
786 3594 911 3650 creation
930 3595 954 3650 is
973 3613 1006 3650 so
1024 3595 1129 3667 vividly
1148 3597 1299 3667 presented
1318 3597 1342 3652 is

194 3679 378 3749 consistently
391 3679 544 3734 continued
557 3697 564 3733 τ
584 3697 619 3734 an
638 3677 793 3748 obligation
811 3677 835 3732 is
849 3678 992 3734 dissolved
1004 3680 1042 3749 by
1055 3681 1103 3736 the
1115 3679 1234 3750 untying
1246 3679 1280 3734 os
1293 3679 1342 3734 the

194 3763 263 3818 knot
275 3764 314 3834 by
326 3764 374 3818 the
387 3763 467 3834 tying
479 3762 511 3817 os
526 3762 617 3817 which
636 3762 657 3817 it
676 3779 734 3816 vas
753 3761 890 3832 imposed,
905 3763 952 3817 the
969 3765 1083 3833 general
1101 3774 1173 3819 term
1192 3762 1343 3833 employed

195 3846 280 3918 being
300 3849 417 3916 solvere,
436 3846 465 3900 in
483 3847 532 3901 the
553 3863 636 3902 sense
656 3846 689 3900 oi
702 3845 814 3916 loosing
831 3863 864 3900 or
882 3847 1040 3918 releasing:
1062 3847 1196 3903 ‘solvisse
1214 3847 1342 3918 accipere

196 3931 332 3987 debemus
356 3948 414 3986 non
438 3940 549 3986 tantum
571 3947 644 3998 eum,
667 3929 714 4000 qui
737 3929 829 3998 solvit,
849 3947 946 3985 verum
968 3947 1082 3986 omnem
1104 3930 1220 3986 omnino
1242 3931 1289 4001 qui
1308 3946 1343 3985 ea

195 4015 367 4085 obligatione
380 4015 515 4070 liberatus
527 4023 579 4083 est,
592 4031 665 4085 quae
678 4031 712 4068 ex
726 4031 812 4068 causa
829 4013 943 4068 iudicati
961 4015 1124 4070 descendit'
1144 4014 1208 4085 Dig.
1222 4030 1266 4081 42.
1282 4029 1304 4069 1.
1317 4029 1341 4081 4

196 4111 220 4166 7,
240 4099 366 4154 ‘solvere
384 4097 505 4154 dicimus
531 4115 605 4167 eum,
627 4097 675 4169 qui
700 4097 729 4152 id
755 4097 822 4153 facit
843 4097 920 4169 quod
937 4097 1031 4153 lacere
1049 4097 1193 4170 promisit’
1213 4098 1278 4168 Dig.
1301 4110 1343 4167 50.

200 4182 238 4236 16.
261 4182 318 4252 176,
339 4181 502 4236 ‘solutionis
527 4183 644 4237 verbum
666 4181 787 4252 pertinet
812 4181 849 4236 ad
874 4199 988 4236 omnem
1014 4181 1210 4237 liberationem
1229 4198 1344 4252 quoquo

196 4265 282 4320 modo
299 4266 413 4334 factam,
432 4265 580 4336 magisque
598 4265 636 4322 ad
654 4265 843 4320 substantiam
863 4265 1043 4336 obligationis
1063 4267 1181 4321 refertur
1202 4282 1287 4336 quam
1307 4263 1343 4319 ad

196 4366 375 4404 nummorum
393 4349 580 4406 solutionem'
597 4347 665 4420 Dig.
683 4347 721 4404 ib.
741 4361 782 4416 47.
823 4351 856 4404 ln
875 4349 1044 4406 connection
1063 4349 1129 4404 with
1147 4349 1195 4404 the
1214 4349 1344 4404 different

197 4434 302 4488 classes
315 4433 348 4488 oi
362 4443 505 4490 contracta
515 4431 623 4493 ium
632 4431 790 4509 dejmsrs
807 4433 870 4488 love
887 4433 936 4488 the
949 4432 1068 4502 conceit,
1081 4433 1142 4488 that
1155 4443 1185 4487 to
1198 4431 1245 4487 the
1259 4448 1345 4486 causa

196 4517 234 4586 by
248 4515 338 4574 which
351 4517 401 4574 the
418 4510 840 4703 m
852 4518 922 4572 each
936 4515 969 4570 ol
976 4517 1055 4572 them
1067 4515 1253 4587 respectively
1266 4517 1345 4572 there

198 4601 299 4656 should
324 4601 362 4658 be
384 4617 404 4660 a
855 4600 941 4656 mode
966 4600 998 4656 ol
1019 4601 1147 4657 release:
1174 4599 1262 4656 ‘nihil
1287 4611 1345 4656 tam

334 4712 466 5116 l
