<?xml version="1.0" encoding="UTF-8"?>
<!DOCTYPE html PUBLIC "-//W3C//DTD XHTML 1.0 Transitional//EN"
    "http://www.w3.org/TR/xhtml1/DTD/xhtml1-transitional.dtd">
<html xmlns="http://www.w3.org/1999/xhtml" xml:lang="en" lang="en">
 <head>
  <title>
</title>
<meta http-equiv="Content-Type" content="text/html;charset=utf-8" />
  <meta name='ocr-system' content='tesseract 3.04.00' />
  <meta name='ocr-capabilities' content='ocr_page ocr_carea ocr_par ocr_line ocrx_word'/>
</head>
<body>
  <div class='ocr_page' id='page_1' title='image "./imperatorisiust02goog_0559.png"; bbox 0 0 3266 5188; ppageno 0'>
   <div class='ocr_carea' id='block_1_1' title="bbox 325 393 1497 481">
    <p class='ocr_par' dir='ltr' id='par_1_1' title="bbox 325 393 1497 481">
     <span class='ocr_line' id='line_1_1' title="bbox 325 393 1497 481; baseline -0.009 -23"><span class='ocrx_word' id='word_1_1' title='bbox 325 394 389 481; x_wconf 80' lang='lat'>548</span> <span class='ocrx_word' id='word_1_2' title='bbox 524 394 874 456; x_wconf 76' lang='lat' dir='ltr'>rwsrrrurrowurr</span> <span class='ocrx_word' id='word_1_3' title='bbox 890 394 1010 452; x_wconf 75' lang='lat' dir='ltr'>tram</span> <span class='ocrx_word' id='word_1_4' title='bbox 1027 393 1261 465; x_wconf 77' lang='lat' dir='ltr'><em>QUATTUOR.</em></span> <span class='ocrx_word' id='word_1_5' title='bbox 1362 397 1497 463; x_wconf 58' lang='grc' dir='ltr'><strong>[μων.</strong></span> 
     </span>
    </p>
   </div>
   <div class='ocr_carea' id='block_1_2' title="bbox 320 559 1493 2826">
    <p class='ocr_par' dir='ltr' id='par_1_2' title="bbox 320 559 1493 2826">
     <span class='ocr_line' id='line_1_2' title="bbox 323 559 1493 648; baseline -0.007 -16"><span class='ocrx_word' id='word_1_6' title='bbox 323 567 414 632; x_wconf 92' lang='lat' dir='ltr'>cuius</span> <span class='ocrx_word' id='word_1_7' title='bbox 435 575 595 648; x_wconf 78' lang='lat' dir='ltr'>exparte</span> <span class='ocrx_word' id='word_1_8' title='bbox 616 585 668 628; x_wconf 87' lang='lat' dir='ltr'>res</span> <span class='ocrx_word' id='word_1_9' title='bbox 685 571 747 638; x_wconf 89' lang='lat' dir='ltr'>est,</span> <span class='ocrx_word' id='word_1_10' title='bbox 764 571 870 627; x_wconf 88' lang='lat' dir='ltr'>totam</span> <span class='ocrx_word' id='word_1_11' title='bbox 892 580 966 626; x_wconf 89' lang='lat' dir='ltr'>eam</span> <span class='ocrx_word' id='word_1_12' title='bbox 986 559 1039 624; x_wconf 89' lang='lat' dir='ltr'>vel</span> <span class='ocrx_word' id='word_1_13' title='bbox 1058 560 1182 625; x_wconf 87' lang='lat' dir='ltr'>maiore</span> <span class='ocrx_word' id='word_1_14' title='bbox 1201 581 1246 625; x_wconf 88' lang='lat' dir='ltr'>ex</span> <span class='ocrx_word' id='word_1_15' title='bbox 1266 569 1367 644; x_wconf 87' lang='lat' dir='ltr'>parte</span> <span class='ocrx_word' id='word_1_16' title='bbox 1384 581 1493 625; x_wconf 77' lang='lat' dir='ltr'>stram</span> 
     </span>
     <span class='ocr_line' id='line_1_3' title="bbox 321 665 1493 749; baseline -0.005 -14"><span class='ocrx_word' id='word_1_17' title='bbox 321 691 396 736; x_wconf 89' lang='lat' dir='ltr'>esse</span> <span class='ocrx_word' id='word_1_18' title='bbox 416 669 603 734; x_wconf 86' lang='lat' dir='ltr'>intenderit.</span> <span class='ocrx_word' id='word_1_19' title='bbox 648 667 831 749; x_wconf 84' lang='lat' dir='ltr'>Tempore:</span> <span class='ocrx_word' id='word_1_20' title='bbox 849 665 954 730; x_wconf 89' lang='lat' dir='ltr'>veluti</span> <span class='ocrx_word' id='word_1_21' title='bbox 969 665 996 728; x_wconf 90' lang='lat' dir='ltr'>si</span> <span class='ocrx_word' id='word_1_22' title='bbox 1017 666 1091 746; x_wconf 93' lang='lat' dir='ltr'>quis</span> <span class='ocrx_word' id='word_1_23' title='bbox 1113 673 1192 728; x_wconf 91' lang='lat' dir='ltr'>ante</span> <span class='ocrx_word' id='word_1_24' title='bbox 1211 665 1301 729; x_wconf 91' lang='lat' dir='ltr'>diem</span> <span class='ocrx_word' id='word_1_25' title='bbox 1322 665 1380 728; x_wconf 88' lang='lat' dir='ltr'>vel</span> <span class='ocrx_word' id='word_1_26' title='bbox 1402 675 1493 729; x_wconf 84' lang='lat' dir='ltr'>ante</span> 
     </span>
     <span class='ocr_line' id='line_1_4' title="bbox 325 769 1492 855; baseline -0.006 -16"><span class='ocrx_word' id='word_1_27' title='bbox 325 773 550 839; x_wconf 90' lang='lat' dir='ltr'>condicionem</span> <span class='ocrx_word' id='word_1_28' title='bbox 575 770 715 855; x_wconf 88' lang='lat' dir='ltr'>petierit.</span> <span class='ocrx_word' id='word_1_29' title='bbox 768 789 834 852; x_wconf 87' lang='lat' dir='ltr'>qua</span> <span class='ocrx_word' id='word_1_30' title='bbox 858 769 988 833; x_wconf 84' lang='lat' dir='ltr'>ratione</span> <span class='ocrx_word' id='word_1_31' title='bbox 1019 769 1107 832; x_wconf 90' lang='lat' dir='ltr'>enim</span> <span class='ocrx_word' id='word_1_32' title='bbox 1133 769 1190 850; x_wconf 90' lang='lat' dir='ltr'>qui</span> <span class='ocrx_word' id='word_1_33' title='bbox 1216 769 1344 832; x_wconf 86' lang='lat' dir='ltr'>tardius</span> <span class='ocrx_word' id='word_1_34' title='bbox 1370 769 1492 846; x_wconf 87' lang='lat' dir='ltr'>solvit,</span> 
     </span>
     <span class='ocr_line' id='line_1_5' title="bbox 323 870 1492 960; baseline -0.007 -18"><span class='ocrx_word' id='word_1_35' title='bbox 323 899 424 960; x_wconf 90' lang='lat' dir='ltr'>quarn</span> <span class='ocrx_word' id='word_1_36' title='bbox 437 876 563 940; x_wconf 89' lang='lat' dir='ltr'>solvere</span> <span class='ocrx_word' id='word_1_37' title='bbox 575 874 721 952; x_wconf 87' lang='lat' dir='ltr'>deberet,</span> <span class='ocrx_word' id='word_1_38' title='bbox 733 873 842 936; x_wconf 88' lang='lat' dir='ltr'>miuus</span> <span class='ocrx_word' id='word_1_39' title='bbox 854 871 980 936; x_wconf 88' lang='lat' dir='ltr'>solvere</span> <span class='ocrx_word' id='word_1_40' title='bbox 994 870 1204 954; x_wconf 87' lang='lat' dir='ltr'>intellegitur,</span> <span class='ocrx_word' id='word_1_41' title='bbox 1217 873 1335 936; x_wconf 87' lang='lat' dir='ltr'>eadem</span> <span class='ocrx_word' id='word_1_42' title='bbox 1349 872 1492 935; x_wconf 88' lang='lat' dir='ltr'>ratione</span> 
     </span>
     <span class='ocr_line' id='line_1_6' title="bbox 320 974 1490 1063; baseline -0.004 -21"><span class='ocrx_word' id='word_1_43' title='bbox 320 981 380 1063; x_wconf 90' lang='lat' dir='ltr'>qui</span> <span class='ocrx_word' id='word_1_44' title='bbox 404 988 612 1062; x_wconf 78' lang='lat' dir='ltr'>praemature</span> <span class='ocrx_word' id='word_1_45' title='bbox 631 977 717 1059; x_wconf 90' lang='lat' dir='ltr'>petit</span> <span class='ocrx_word' id='word_1_46' title='bbox 737 975 812 1058; x_wconf 90' lang='lat' dir='ltr'>plus</span> <span class='ocrx_word' id='word_1_47' title='bbox 833 984 945 1057; x_wconf 88' lang='lat' dir='ltr'>petere</span> <span class='ocrx_word' id='word_1_48' title='bbox 959 975 1098 1039; x_wconf 90' lang='lat' dir='ltr'>videtur.</span> <span class='ocrx_word' id='word_1_49' title='bbox 1143 974 1235 1040; x_wconf 88' lang='lat' dir='ltr'>Loco</span> <span class='ocrx_word' id='word_1_50' title='bbox 1249 975 1325 1056; x_wconf 90' lang='lat' dir='ltr'>plus</span> <span class='ocrx_word' id='word_1_51' title='bbox 1342 977 1490 1057; x_wconf 76' lang='lat' dir='ltr'>petitart,</span> 
     </span>
     <span class='ocr_line' id='line_1_7' title="bbox 320 1078 1489 1162; baseline -0.003 -14"><span class='ocrx_word' id='word_1_52' title='bbox 320 1083 426 1148; x_wconf 86' lang='lat' dir='ltr'>veluti</span> <span class='ocrx_word' id='word_1_53' title='bbox 442 1104 517 1146; x_wconf 87' lang='lat' dir='ltr'>eum</span> <span class='ocrx_word' id='word_1_54' title='bbox 533 1083 606 1162; x_wconf 93' lang='lat' dir='ltr'>quis</span> <span class='ocrx_word' id='word_1_55' title='bbox 621 1081 664 1159; x_wconf 94' lang='lat' dir='ltr'>id,</span> <span class='ocrx_word' id='word_1_56' title='bbox 676 1082 766 1162; x_wconf 93' lang='lat' dir='ltr'>quod</span> <span class='ocrx_word' id='word_1_57' title='bbox 781 1087 871 1144; x_wconf 91' lang='lat' dir='ltr'>certo</span> <span class='ocrx_word' id='word_1_58' title='bbox 887 1078 960 1144; x_wconf 90' lang='lat' dir='ltr'>loco</span> <span class='ocrx_word' id='word_1_59' title='bbox 976 1079 1037 1142; x_wconf 82' lang='lat' dir='ltr'><strong>sibi</strong></span> <span class='ocrx_word' id='word_1_60' title='bbox 1050 1078 1227 1160; x_wconf 86' lang='lat' dir='ltr'>stipulatus</span> <span class='ocrx_word' id='word_1_61' title='bbox 1242 1089 1303 1150; x_wconf 85' lang='lat' dir='ltr'>est,</span> <span class='ocrx_word' id='word_1_62' title='bbox 1319 1078 1387 1143; x_wconf 93' lang='lat' dir='ltr'>alio</span> <span class='ocrx_word' id='word_1_63' title='bbox 1402 1079 1489 1144; x_wconf 87' lang='lat' dir='ltr'>loco</span> 
     </span>
     <span class='ocr_line' id='line_1_8' title="bbox 323 1181 1489 1269; baseline -0.003 -19"><span class='ocrx_word' id='word_1_64' title='bbox 323 1186 408 1269; x_wconf 92' lang='lat' dir='ltr'>petit</span> <span class='ocrx_word' id='word_1_65' title='bbox 433 1187 504 1248; x_wconf 89' lang='lat' dir='ltr'>sine</span> <span class='ocrx_word' id='word_1_66' title='bbox 530 1184 845 1248; x_wconf 86' lang='lat' dir='ltr'>commemoratione</span> <span class='ocrx_word' id='word_1_67' title='bbox 871 1181 957 1248; x_wconf 92' lang='lat' dir='ltr'>illius</span> <span class='ocrx_word' id='word_1_68' title='bbox 983 1181 1055 1260; x_wconf 93' lang='lat' dir='ltr'>loci,</span> <span class='ocrx_word' id='word_1_69' title='bbox 1082 1183 1115 1246; x_wconf 91' lang='lat' dir='ltr'>in</span> <span class='ocrx_word' id='word_1_70' title='bbox 1140 1203 1207 1264; x_wconf 93' lang='lat' dir='ltr'>quo</span> <span class='ocrx_word' id='word_1_71' title='bbox 1231 1181 1293 1246; x_wconf 91' lang='lat' dir='ltr'>sibi</span> <span class='ocrx_word' id='word_1_72' title='bbox 1318 1181 1390 1246; x_wconf 88' lang='lat' dir='ltr'>dari</span> <span class='ocrx_word' id='word_1_73' title='bbox 1422 1183 1489 1246; x_wconf 89' lang='lat' dir='ltr'>sti·</span> 
     </span>
     <span class='ocr_line' id='line_1_9' title="bbox 322 1285 1489 1372; baseline 0 -20"><span class='ocrx_word' id='word_1_74' title='bbox 322 1289 457 1372; x_wconf 90' lang='lat' dir='ltr'>pulatus</span> <span class='ocrx_word' id='word_1_75' title='bbox 486 1288 604 1352; x_wconf 89' lang='lat' dir='ltr'>fuerit:</span> <span class='ocrx_word' id='word_1_76' title='bbox 634 1287 726 1352; x_wconf 91' lang='lat' dir='ltr'>verbi</span> <span class='ocrx_word' id='word_1_77' title='bbox 756 1287 862 1370; x_wconf 85' lang='lat' dir='ltr'>gratia</span> <span class='ocrx_word' id='word_1_78' title='bbox 892 1285 919 1350; x_wconf 92' lang='lat' dir='ltr'>si</span> <span class='ocrx_word' id='word_1_79' title='bbox 949 1287 985 1364; x_wconf 92' lang='lat' dir='ltr'>is,</span> <span class='ocrx_word' id='word_1_80' title='bbox 1012 1287 1067 1369; x_wconf 93' lang='lat' dir='ltr'>qui</span> <span class='ocrx_word' id='word_1_81' title='bbox 1097 1288 1144 1350; x_wconf 90' lang='lat' dir='ltr'>ita</span> <span class='ocrx_word' id='word_1_82' title='bbox 1173 1287 1348 1369; x_wconf 87' lang='lat' dir='ltr'>stipulatus</span> <span class='ocrx_word' id='word_1_83' title='bbox 1377 1287 1489 1352; x_wconf 87' lang='lat' dir='ltr'>fuerit</span> 
     </span>
     <span class='ocr_line' id='line_1_10' title="bbox 323 1386 1487 1475; baseline -0.007 -13"><span class='ocrx_word' id='word_1_84' title='bbox 323 1391 467 1475; x_wconf 83' lang='lat' dir='ltr'>‘Ephesi</span> <span class='ocrx_word' id='word_1_85' title='bbox 483 1393 563 1456; x_wconf 89' lang='lat' dir='ltr'>dare</span> <span class='ocrx_word' id='word_1_86' title='bbox 583 1386 765 1474; x_wconf 78' lang='lat' dir='ltr'>spondesi’</span> <span class='ocrx_word' id='word_1_87' title='bbox 799 1391 928 1454; x_wconf 89' lang='lat' dir='ltr'>Romae</span> <span class='ocrx_word' id='word_1_88' title='bbox 947 1410 1028 1472; x_wconf 89' lang='lat' dir='ltr'>pure</span> <span class='ocrx_word' id='word_1_89' title='bbox 1049 1391 1199 1455; x_wconf 88' lang='lat' dir='ltr'>intendat</span> <span class='ocrx_word' id='word_1_90' title='bbox 1214 1391 1285 1454; x_wconf 89' lang='lat' dir='ltr'>dari</span> <span class='ocrx_word' id='word_1_91' title='bbox 1300 1391 1363 1454; x_wconf 87' lang='lat' dir='ltr'>sibi</span> <span class='ocrx_word' id='word_1_92' title='bbox 1378 1411 1487 1472; x_wconf 84' lang='lat' dir='ltr'>opor·</span> 
     </span>
     <span class='ocr_line' id='line_1_11' title="bbox 323 1491 1484 1577; baseline -0.002 -17"><span class='ocrx_word' id='word_1_93' title='bbox 323 1506 403 1560; x_wconf 90' lang='lat' dir='ltr'>tere.</span> <span class='ocrx_word' id='word_1_94' title='bbox 459 1497 535 1560; x_wconf 92' lang='lat' dir='ltr'>ideo</span> <span class='ocrx_word' id='word_1_95' title='bbox 561 1505 673 1561; x_wconf 89' lang='lat' dir='ltr'>autem</span> <span class='ocrx_word' id='word_1_96' title='bbox 701 1493 775 1577; x_wconf 91' lang='lat' dir='ltr'>plus</span> <span class='ocrx_word' id='word_1_97' title='bbox 805 1503 919 1576; x_wconf 84' lang='lat' dir='ltr'>petere</span> <span class='ocrx_word' id='word_1_98' title='bbox 949 1491 1157 1576; x_wconf 84' lang='lat' dir='ltr'>intellegitur,</span> <span class='ocrx_word' id='word_1_99' title='bbox 1184 1495 1262 1576; x_wconf 87' lang='lat' dir='ltr'>quia</span> <span class='ocrx_word' id='word_1_100' title='bbox 1286 1493 1484 1572; x_wconf 85' lang='lat' dir='ltr'>utilitatem,</span> 
     </span>
     <span class='ocr_line' id='line_1_12' title="bbox 323 1596 1484 1684; baseline -0.002 -20"><span class='ocrx_word' id='word_1_101' title='bbox 323 1620 424 1684; x_wconf 90' lang='lat' dir='ltr'>quarn</span> <span class='ocrx_word' id='word_1_102' title='bbox 450 1599 567 1664; x_wconf 91' lang='lat' dir='ltr'>habuit</span> <span class='ocrx_word' id='word_1_103' title='bbox 593 1600 780 1681; x_wconf 89' lang='lat' dir='ltr'>promissor,</span> <span class='ocrx_word' id='word_1_104' title='bbox 804 1598 832 1662; x_wconf 94' lang='lat' dir='ltr'>si</span> <span class='ocrx_word' id='word_1_105' title='bbox 863 1596 988 1680; x_wconf 88' lang='lat' dir='ltr'>Ephesi</span> <span class='ocrx_word' id='word_1_106' title='bbox 1012 1597 1160 1674; x_wconf 87' lang='lat' dir='ltr'>solveret,</span> <span class='ocrx_word' id='word_1_107' title='bbox 1189 1598 1307 1662; x_wconf 89' lang='lat' dir='ltr'>adimit</span> <span class='ocrx_word' id='word_1_108' title='bbox 1333 1599 1363 1662; x_wconf 90' lang='lat' dir='ltr'>ei</span> <span class='ocrx_word' id='word_1_109' title='bbox 1393 1619 1484 1680; x_wconf 86' lang='lat' dir='ltr'>pura</span> 
     </span>
     <span class='ocr_line' id='line_1_13' title="bbox 323 1702 1482 1786; baseline -0.003 -16"><span class='ocrx_word' id='word_1_110' title='bbox 323 1705 524 1770; x_wconf 90' lang='lat' dir='ltr'>intentione:</span> <span class='ocrx_word' id='word_1_111' title='bbox 546 1713 800 1786; x_wconf 87' lang='lat' dir='ltr'>propterquam</span> <span class='ocrx_word' id='word_1_112' title='bbox 820 1722 953 1766; x_wconf 87' lang='lat' dir='ltr'>causam</span> <span class='ocrx_word' id='word_1_113' title='bbox 973 1703 1038 1766; x_wconf 91' lang='lat' dir='ltr'>alio</span> <span class='ocrx_word' id='word_1_114' title='bbox 1061 1702 1134 1766; x_wconf 91' lang='lat' dir='ltr'>loco</span> <span class='ocrx_word' id='word_1_115' title='bbox 1156 1703 1283 1785; x_wconf 89' lang='lat' dir='ltr'>petenti</span> <span class='ocrx_word' id='word_1_116' title='bbox 1304 1703 1482 1766; x_wconf 82' lang='lat' dir='ltr'>arbitraria</span> 
     </span>
     <span class='ocr_line' id='line_1_14' title="bbox 323 1806 1482 1891; baseline -0.004 -16"><span class='ocrx_word' id='word_1_117' title='bbox 323 1811 410 1874; x_wconf 91' lang='lat' dir='ltr'>actio</span> <span class='ocrx_word' id='word_1_118' title='bbox 432 1809 635 1891; x_wconf 87' lang='lat' dir='ltr'>proponitur,</span> <span class='ocrx_word' id='word_1_119' title='bbox 658 1808 691 1870; x_wconf 94' lang='lat' dir='ltr'>in</span> <span class='ocrx_word' id='word_1_120' title='bbox 712 1829 777 1890; x_wconf 89' lang='lat' dir='ltr'>qua</span> <span class='ocrx_word' id='word_1_121' title='bbox 798 1807 922 1871; x_wconf 87' lang='lat' dir='ltr'>scilicet</span> <span class='ocrx_word' id='word_1_122' title='bbox 943 1807 1026 1872; x_wconf 91' lang='lat' dir='ltr'>ratio</span> <span class='ocrx_word' id='word_1_123' title='bbox 1049 1806 1190 1871; x_wconf 88' lang='lat' dir='ltr'>habetur</span> <span class='ocrx_word' id='word_1_124' title='bbox 1210 1807 1372 1882; x_wconf 83' lang='lat' dir='ltr'>utilitatis,</span> <span class='ocrx_word' id='word_1_125' title='bbox 1389 1827 1482 1890; x_wconf 84' lang='lat' dir='ltr'>quae</span> 
     </span>
     <span class='ocr_line' id='line_1_15' title="bbox 323 1909 1481 1997; baseline -0.002 -21"><span class='ocrx_word' id='word_1_126' title='bbox 323 1913 513 1997; x_wconf 86' lang='lat' dir='ltr'>promissori</span> <span class='ocrx_word' id='word_1_127' title='bbox 540 1910 759 1992; x_wconf 84' lang='lat' dir='ltr'>competitura</span> <span class='ocrx_word' id='word_1_128' title='bbox 785 1910 909 1988; x_wconf 87' lang='lat' dir='ltr'>fuisset,</span> <span class='ocrx_word' id='word_1_129' title='bbox 934 1910 964 1974; x_wconf 93' lang='lat' dir='ltr'>si</span> <span class='ocrx_word' id='word_1_130' title='bbox 994 1911 1051 1974; x_wconf 93' lang='lat' dir='ltr'>illo</span> <span class='ocrx_word' id='word_1_131' title='bbox 1082 1910 1155 1975; x_wconf 91' lang='lat' dir='ltr'>loco</span> <span class='ocrx_word' id='word_1_132' title='bbox 1184 1909 1335 1975; x_wconf 88' lang='lat' dir='ltr'>solveret.</span> <span class='ocrx_word' id='word_1_133' title='bbox 1389 1931 1481 1992; x_wconf 87' lang='lat' dir='ltr'>quae</span> 
     </span>
     <span class='ocr_line' id='line_1_16' title="bbox 324 2013 1479 2098; baseline -0.002 -18"><span class='ocrx_word' id='word_1_134' title='bbox 324 2016 449 2081; x_wconf 89' lang='lat' dir='ltr'>utilitas</span> <span class='ocrx_word' id='word_1_135' title='bbox 470 2013 664 2098; x_wconf 91' lang='lat' dir='ltr'>plerumque</span> <span class='ocrx_word' id='word_1_136' title='bbox 683 2014 716 2077; x_wconf 94' lang='lat' dir='ltr'>in</span> <span class='ocrx_word' id='word_1_137' title='bbox 738 2014 902 2078; x_wconf 89' lang='lat' dir='ltr'>mercibus</span> <span class='ocrx_word' id='word_1_138' title='bbox 921 2014 1068 2078; x_wconf 87' lang='lat' dir='ltr'>maxima</span> <span class='ocrx_word' id='word_1_139' title='bbox 1088 2013 1260 2092; x_wconf 90' lang='lat' dir='ltr'>invenitur,</span> <span class='ocrx_word' id='word_1_140' title='bbox 1274 2013 1377 2078; x_wconf 83' lang='lat' dir='ltr'>veluti</span> <span class='ocrx_word' id='word_1_141' title='bbox 1398 2016 1479 2078; x_wconf 87' lang='lat' dir='ltr'>vino</span> 
     </span>
     <span class='ocr_line' id='line_1_17' title="bbox 323 2116 1479 2200; baseline -0.003 -16"><span class='ocrx_word' id='word_1_142' title='bbox 323 2119 398 2184; x_wconf 90' lang='lat' dir='ltr'>oleo</span> <span class='ocrx_word' id='word_1_143' title='bbox 429 2118 603 2194; x_wconf 88' lang='lat' dir='ltr'>frumento,</span> <span class='ocrx_word' id='word_1_144' title='bbox 635 2138 719 2200; x_wconf 92' lang='lat' dir='ltr'>quae</span> <span class='ocrx_word' id='word_1_145' title='bbox 748 2137 808 2200; x_wconf 92' lang='lat' dir='ltr'>per</span> <span class='ocrx_word' id='word_1_146' title='bbox 837 2117 983 2199; x_wconf 84' lang='lat' dir='ltr'>singulas</span> <span class='ocrx_word' id='word_1_147' title='bbox 1014 2119 1162 2200; x_wconf 82' lang='lat' dir='ltr'>regiones</span> <span class='ocrx_word' id='word_1_148' title='bbox 1191 2117 1320 2181; x_wconf 90' lang='lat' dir='ltr'>diversa</span> <span class='ocrx_word' id='word_1_149' title='bbox 1348 2116 1479 2181; x_wconf 90' lang='lat' dir='ltr'>babent</span> 
     </span>
     <span class='ocr_line' id='line_1_18' title="bbox 324 2221 1478 2307; baseline 0 -21"><span class='ocrx_word' id='word_1_150' title='bbox 324 2223 447 2307; x_wconf 88' lang='lat' dir='ltr'>pretia:</span> <span class='ocrx_word' id='word_1_151' title='bbox 471 2223 580 2286; x_wconf 88' lang='lat' dir='ltr'>sedet</span> <span class='ocrx_word' id='word_1_152' title='bbox 598 2221 757 2303; x_wconf 91' lang='lat' dir='ltr'>pecuniae</span> <span class='ocrx_word' id='word_1_153' title='bbox 773 2230 964 2286; x_wconf 87' lang='lat' dir='ltr'>numeratae</span> <span class='ocrx_word' id='word_1_154' title='bbox 984 2223 1097 2286; x_wconf 89' lang='lat' dir='ltr'>nonin</span> <span class='ocrx_word' id='word_1_155' title='bbox 1113 2221 1266 2284; x_wconf 88' lang='lat' dir='ltr'>omnibus</span> <span class='ocrx_word' id='word_1_156' title='bbox 1285 2221 1478 2303; x_wconf 81' lang='lat' dir='ltr'>regionibus</span> 
     </span>
     <span class='ocr_line' id='line_1_19' title="bbox 324 2325 1476 2408; baseline -0.003 -16"><span class='ocrx_word' id='word_1_157' title='bbox 324 2328 386 2392; x_wconf 91' lang='lat' dir='ltr'>sub</span> <span class='ocrx_word' id='word_1_158' title='bbox 407 2327 512 2393; x_wconf 88' lang='lat' dir='ltr'>isdem</span> <span class='ocrx_word' id='word_1_159' title='bbox 532 2326 635 2390; x_wconf 87' lang='lat' dir='ltr'>usuris</span> <span class='ocrx_word' id='word_1_160' title='bbox 656 2325 854 2390; x_wconf 83' lang='lat' dir='ltr'>fenerantur.</span> <span class='ocrx_word' id='word_1_161' title='bbox 900 2325 927 2388; x_wconf 91' lang='lat' dir='ltr'>si</span> <span class='ocrx_word' id='word_1_162' title='bbox 946 2325 1020 2408; x_wconf 93' lang='lat' dir='ltr'>quis</span> <span class='ocrx_word' id='word_1_163' title='bbox 1040 2334 1151 2390; x_wconf 89' lang='lat' dir='ltr'>tamen</span> <span class='ocrx_word' id='word_1_164' title='bbox 1174 2325 1299 2407; x_wconf 88' lang='lat' dir='ltr'>Ephesi</span> <span class='ocrx_word' id='word_1_165' title='bbox 1319 2335 1422 2408; x_wconf 86' lang='lat' dir='ltr'>petat,</span> <span class='ocrx_word' id='word_1_166' title='bbox 1439 2326 1476 2389; x_wconf 94' lang='lat' dir='ltr'>id</span> 
     </span>
     <span class='ocr_line' id='line_1_20' title="bbox 324 2428 1476 2513; baseline -0.003 -17"><span class='ocrx_word' id='word_1_167' title='bbox 324 2441 376 2496; x_wconf 86' lang='lat' dir='ltr'>est</span> <span class='ocrx_word' id='word_1_168' title='bbox 392 2452 432 2495; x_wconf 91' lang='lat' dir='ltr'>eo</span> <span class='ocrx_word' id='word_1_169' title='bbox 447 2430 519 2494; x_wconf 92' lang='lat' dir='ltr'>loco</span> <span class='ocrx_word' id='word_1_170' title='bbox 535 2439 636 2512; x_wconf 88' lang='lat' dir='ltr'>petat,</span> <span class='ocrx_word' id='word_1_171' title='bbox 652 2451 718 2513; x_wconf 93' lang='lat' dir='ltr'>quo</span> <span class='ocrx_word' id='word_1_172' title='bbox 734 2439 771 2494; x_wconf 88' lang='lat' dir='ltr'>ut</span> <span class='ocrx_word' id='word_1_173' title='bbox 786 2429 847 2494; x_wconf 90' lang='lat' dir='ltr'>sibi</span> <span class='ocrx_word' id='word_1_174' title='bbox 863 2429 960 2493; x_wconf 89' lang='lat' dir='ltr'>detur</span> <span class='ocrx_word' id='word_1_175' title='bbox 974 2428 1149 2512; x_wconf 89' lang='lat' dir='ltr'>stipulatus</span> <span class='ocrx_word' id='word_1_176' title='bbox 1169 2438 1229 2504; x_wconf 87' lang='lat' dir='ltr'>est,</span> <span class='ocrx_word' id='word_1_177' title='bbox 1245 2448 1327 2510; x_wconf 88' lang='lat' dir='ltr'>pura</span> <span class='ocrx_word' id='word_1_178' title='bbox 1343 2430 1476 2492; x_wconf 90' lang='lat' dir='ltr'>actione</span> 
     </span>
     <span class='ocr_line' id='line_1_21' title="bbox 325 2532 1477 2618; baseline -0.003 -18"><span class='ocrx_word' id='word_1_179' title='bbox 325 2545 413 2600; x_wconf 91' lang='lat' dir='ltr'>recte</span> <span class='ocrx_word' id='word_1_180' title='bbox 428 2535 514 2618; x_wconf 87' lang='lat' dir='ltr'>agit:</span> <span class='ocrx_word' id='word_1_181' title='bbox 538 2533 637 2616; x_wconf 91' lang='lat' dir='ltr'>idque</span> <span class='ocrx_word' id='word_1_182' title='bbox 653 2536 754 2597; x_wconf 90' lang='lat' dir='ltr'>etiarn</span> <span class='ocrx_word' id='word_1_183' title='bbox 775 2542 908 2617; x_wconf 90' lang='lat' dir='ltr'>praetor</span> <span class='ocrx_word' id='word_1_184' title='bbox 922 2541 1093 2606; x_wconf 86' lang='lat' dir='ltr'>monstrat,</span> <span class='ocrx_word' id='word_1_185' title='bbox 1110 2532 1234 2597; x_wconf 90' lang='lat' dir='ltr'>scilicet</span> <span class='ocrx_word' id='word_1_186' title='bbox 1253 2533 1330 2615; x_wconf 91' lang='lat' dir='ltr'>quia</span> <span class='ocrx_word' id='word_1_187' title='bbox 1348 2533 1477 2597; x_wconf 90' lang='lat' dir='ltr'>utilitas</span> 
     </span>
     <span class='ocr_line' id='line_1_22' title="bbox 326 2635 1475 2720; baseline -0.002 -18"><span class='ocrx_word' id='word_1_188' title='bbox 326 2638 474 2702; x_wconf 93' lang='lat' dir='ltr'>solvendi</span> <span class='ocrx_word' id='word_1_189' title='bbox 501 2636 591 2700; x_wconf 88' lang='lat' dir='ltr'>salva</span> <span class='ocrx_word' id='word_1_190' title='bbox 619 2648 669 2702; x_wconf 92' lang='lat' dir='ltr'>est</span> <span class='ocrx_word' id='word_1_191' title='bbox 695 2638 895 2720; x_wconf 88' lang='lat' dir='ltr'>promissori.</span> <span class='ocrx_word' id='word_1_192' title='bbox 953 2637 1042 2701; x_wconf 92' lang='lat' dir='ltr'>Huic</span> <span class='ocrx_word' id='word_1_193' title='bbox 1068 2645 1189 2715; x_wconf 89' lang='lat' dir='ltr'>autern,</span> <span class='ocrx_word' id='word_1_194' title='bbox 1221 2638 1277 2718; x_wconf 93' lang='lat' dir='ltr'>qui</span> <span class='ocrx_word' id='word_1_195' title='bbox 1299 2636 1373 2700; x_wconf 91' lang='lat' dir='ltr'>loco</span> <span class='ocrx_word' id='word_1_196' title='bbox 1398 2635 1475 2720; x_wconf 90' lang='lat' dir='ltr'>plus</span> 
     </span>
     <span class='ocr_line' id='line_1_23' title="bbox 323 2739 1477 2826; baseline 0 -22"><span class='ocrx_word' id='word_1_197' title='bbox 323 2751 436 2826; x_wconf 89' lang='lat' dir='ltr'>petere</span> <span class='ocrx_word' id='word_1_198' title='bbox 459 2739 669 2821; x_wconf 85' lang='lat' dir='ltr'>intellegitur,</span> <span class='ocrx_word' id='word_1_199' title='bbox 692 2742 863 2822; x_wconf 84' lang='lat' dir='ltr'>proximus</span> <span class='ocrx_word' id='word_1_200' title='bbox 886 2750 939 2806; x_wconf 90' lang='lat' dir='ltr'>est</span> <span class='ocrx_word' id='word_1_201' title='bbox 964 2741 991 2807; x_wconf 92' lang='lat' dir='ltr'>is</span> <span class='ocrx_word' id='word_1_202' title='bbox 1015 2741 1071 2822; x_wconf 92' lang='lat' dir='ltr'>qui</span> <span class='ocrx_word' id='word_1_203' title='bbox 1095 2760 1194 2806; x_wconf 85' lang='lat' dir='ltr'>cause</span> <span class='ocrx_word' id='word_1_204' title='bbox 1214 2740 1288 2823; x_wconf 88' lang='lat' dir='ltr'>plus</span> <span class='ocrx_word' id='word_1_205' title='bbox 1311 2742 1413 2822; x_wconf 91' lang='lat' dir='ltr'>petit:</span> <span class='ocrx_word' id='word_1_206' title='bbox 1436 2748 1477 2804; x_wconf 88' lang='lat' dir='ltr'>ut</span> 
     </span>
    </p>
   </div>
   <div class='ocr_carea' id='block_1_3' title="bbox 324 3007 1476 4589">
    <p class='ocr_par' dir='ltr' id='par_1_3' title="bbox 324 3007 1476 4589">
     <span class='ocr_line' id='line_1_24' title="bbox 324 3007 1475 3080; baseline -0.003 -10"><span class='ocrx_word' id='word_1_207' title='bbox 324 3011 409 3070; x_wconf 85' lang='lat' dir='ltr'>made</span> <span class='ocrx_word' id='word_1_208' title='bbox 419 3010 448 3066; x_wconf 92' lang='lat' dir='ltr'>in</span> <span class='ocrx_word' id='word_1_209' title='bbox 457 3009 548 3065; x_wconf 88' lang='lat' dir='ltr'>either</span> <span class='ocrx_word' id='word_1_210' title='bbox 556 3009 604 3064; x_wconf 86' lang='lat' dir='ltr'>the</span> <span class='ocrx_word' id='word_1_211' title='bbox 613 3007 741 3076; x_wconf 83' lang='lat' dir='ltr'>intentio,</span> <span class='ocrx_word' id='word_1_212' title='bbox 750 3011 798 3066; x_wconf 87' lang='lat' dir='ltr'>the</span> <span class='ocrx_word' id='word_1_213' title='bbox 806 3011 1014 3080; x_wconf 83' lang='lat' dir='ltr'>condemnatio,</span> <span class='ocrx_word' id='word_1_214' title='bbox 1022 3012 1111 3068; x_wconf 88' lang='lat' dir='ltr'>ortbe</span> <span class='ocrx_word' id='word_1_215' title='bbox 1121 3011 1333 3068; x_wconf 75' lang='lat' dir='ltr'>demorenatio.</span> <span class='ocrx_word' id='word_1_216' title='bbox 1356 3014 1381 3068; x_wconf 86' lang='lat' dir='ltr'>lt</span> <span class='ocrx_word' id='word_1_217' title='bbox 1390 3012 1475 3067; x_wconf 89' lang='lat' dir='ltr'>could</span> 
     </span>
     <span class='ocr_line' id='line_1_25' title="bbox 324 3092 1475 3168; baseline -0.002 -16"><span class='ocrx_word' id='word_1_218' title='bbox 324 3112 410 3152; x_wconf 90' lang='lat' dir='ltr'>occur</span> <span class='ocrx_word' id='word_1_219' title='bbox 422 3095 451 3150; x_wconf 92' lang='lat' dir='ltr'>in</span> <span class='ocrx_word' id='word_1_220' title='bbox 470 3094 519 3150; x_wconf 90' lang='lat' dir='ltr'>the</span> <span class='ocrx_word' id='word_1_221' title='bbox 537 3092 657 3148; x_wconf 91' lang='lat' dir='ltr'>intentio</span> <span class='ocrx_word' id='word_1_222' title='bbox 677 3094 743 3164; x_wconf 89' lang='lat' dir='ltr'>only</span> <span class='ocrx_word' id='word_1_223' title='bbox 756 3095 848 3150; x_wconf 87' lang='lat' dir='ltr'>where</span> <span class='ocrx_word' id='word_1_224' title='bbox 867 3095 888 3150; x_wconf 92' lang='lat' dir='ltr'>it</span> <span class='ocrx_word' id='word_1_225' title='bbox 902 3113 959 3152; x_wconf 85' lang='lat' dir='ltr'>was</span> <span class='ocrx_word' id='word_1_226' title='bbox 972 3106 1050 3152; x_wconf 87' lang='lat' dir='ltr'>certa</span> <span class='ocrx_word' id='word_1_227' title='bbox 1063 3096 1133 3166; x_wconf 79' lang='lat' dir='ltr'>(eg.</span> <span class='ocrx_word' id='word_1_228' title='bbox 1146 3095 1170 3150; x_wconf 89' lang='lat' dir='ltr'>si</span> <span class='ocrx_word' id='word_1_229' title='bbox 1183 3105 1263 3166; x_wconf 86' lang='lat' dir='ltr'>paret</span> <span class='ocrx_word' id='word_1_230' title='bbox 1276 3135 1303 3152; x_wconf 92' lang='lat'>..</span> <span class='ocrx_word' id='word_1_231' title='bbox 1318 3137 1325 3152; x_wconf 97' lang='lat'>.</span> <span class='ocrx_word' id='word_1_232' title='bbox 1338 3096 1475 3168; x_wconf 87' lang='lat' dir='ltr'>quinqua·</span> 
     </span>
     <span class='ocr_line' id='line_1_26' title="bbox 324 3176 1474 3249; baseline 0 -15"><span class='ocrx_word' id='word_1_233' title='bbox 324 3179 404 3249; x_wconf 83' lang='lat' dir='ltr'>ginta</span> <span class='ocrx_word' id='word_1_234' title='bbox 416 3195 517 3234; x_wconf 88' lang='lat' dir='ltr'>aureos</span> <span class='ocrx_word' id='word_1_235' title='bbox 530 3176 599 3234; x_wconf 89' lang='lat' dir='ltr'>dare</span> <span class='ocrx_word' id='word_1_236' title='bbox 611 3188 750 3249; x_wconf 84' lang='lat' dir='ltr'>oportere,</span> <span class='ocrx_word' id='word_1_237' title='bbox 761 3179 841 3234; x_wconf 91' lang='lat' dir='ltr'>when</span> <span class='ocrx_word' id='word_1_238' title='bbox 855 3180 903 3234; x_wconf 90' lang='lat' dir='ltr'>the</span> <span class='ocrx_word' id='word_1_239' title='bbox 916 3179 1071 3235; x_wconf 86' lang='lat' dir='ltr'>defendant</span> <span class='ocrx_word' id='word_1_240' title='bbox 1086 3180 1174 3248; x_wconf 82' lang='lat' dir='ltr'>really</span> <span class='ocrx_word' id='word_1_241' title='bbox 1186 3179 1266 3234; x_wconf 89' lang='lat' dir='ltr'>owed</span> <span class='ocrx_word' id='word_1_242' title='bbox 1279 3197 1297 3235; x_wconf 88' lang='lat' dir='ltr'>a</span> <span class='ocrx_word' id='word_1_243' title='bbox 1309 3180 1365 3236; x_wconf 89' lang='lat' dir='ltr'>less</span> <span class='ocrx_word' id='word_1_244' title='bbox 1378 3180 1452 3247; x_wconf 83' lang='lat' dir='ltr'>sum)</span> <span class='ocrx_word' id='word_1_245' title='bbox 1465 3197 1474 3245; x_wconf 77' lang='lat'>3</span> 
     </span>
     <span class='ocr_line' id='line_1_27' title="bbox 326 3261 1475 3334; baseline 0 -16"><span class='ocrx_word' id='word_1_246' title='bbox 326 3263 383 3318; x_wconf 90' lang='lat' dir='ltr'>and</span> <span class='ocrx_word' id='word_1_247' title='bbox 396 3263 463 3318; x_wconf 91' lang='lat' dir='ltr'>here</span> <span class='ocrx_word' id='word_1_248' title='bbox 481 3261 516 3318; x_wconf 89' lang='lat' dir='ltr'>irs</span> <span class='ocrx_word' id='word_1_249' title='bbox 534 3263 620 3318; x_wconf 87' lang='lat' dir='ltr'>result</span> <span class='ocrx_word' id='word_1_250' title='bbox 634 3280 691 3320; x_wconf 87' lang='lat' dir='ltr'>was</span> <span class='ocrx_word' id='word_1_251' title='bbox 710 3263 771 3320; x_wconf 88' lang='lat' dir='ltr'>that</span> <span class='ocrx_word' id='word_1_252' title='bbox 790 3265 839 3320; x_wconf 91' lang='lat' dir='ltr'>the</span> <span class='ocrx_word' id='word_1_253' title='bbox 855 3263 951 3334; x_wconf 85' lang='lat' dir='ltr'>judge,</span> <span class='ocrx_word' id='word_1_254' title='bbox 965 3263 1073 3333; x_wconf 84' lang='lat' dir='ltr'>finding</span> <span class='ocrx_word' id='word_1_255' title='bbox 1089 3264 1138 3318; x_wconf 89' lang='lat' dir='ltr'>the</span> <span class='ocrx_word' id='word_1_256' title='bbox 1155 3262 1263 3334; x_wconf 87' lang='lat' dir='ltr'>precise</span> <span class='ocrx_word' id='word_1_257' title='bbox 1276 3280 1340 3318; x_wconf 89' lang='lat' dir='ltr'>sum</span> <span class='ocrx_word' id='word_1_258' title='bbox 1352 3264 1475 3320; x_wconf 76' lang='lat' dir='ltr'>clabued</span> 
     </span>
     <span class='ocr_line' id='line_1_28' title="bbox 326 3345 1475 3417; baseline 0.001 -15"><span class='ocrx_word' id='word_1_259' title='bbox 326 3363 384 3402; x_wconf 86' lang='lat' dir='ltr'>was</span> <span class='ocrx_word' id='word_1_260' title='bbox 404 3358 453 3402; x_wconf 91' lang='lat' dir='ltr'>not</span> <span class='ocrx_word' id='word_1_261' title='bbox 475 3345 504 3404; x_wconf 87' lang='lat' dir='ltr'>in</span> <span class='ocrx_word' id='word_1_262' title='bbox 525 3347 582 3403; x_wconf 89' lang='lat' dir='ltr'>fact</span> <span class='ocrx_word' id='word_1_263' title='bbox 603 3346 691 3417; x_wconf 87' lang='lat' dir='ltr'>owed,</span> <span class='ocrx_word' id='word_1_264' title='bbox 714 3364 771 3404; x_wconf 85' lang='lat' dir='ltr'>was</span> <span class='ocrx_word' id='word_1_265' title='bbox 790 3347 888 3404; x_wconf 89' lang='lat' dir='ltr'>bound</span> <span class='ocrx_word' id='word_1_266' title='bbox 910 3357 940 3402; x_wconf 90' lang='lat' dir='ltr'>to</span> <span class='ocrx_word' id='word_1_267' title='bbox 962 3347 1078 3402; x_wconf 84' lang='lat' dir='ltr'>absolve</span> <span class='ocrx_word' id='word_1_268' title='bbox 1099 3347 1148 3402; x_wconf 88' lang='lat' dir='ltr'>the</span> <span class='ocrx_word' id='word_1_269' title='bbox 1169 3346 1332 3417; x_wconf 81' lang='lat' dir='ltr'>defendant,</span> <span class='ocrx_word' id='word_1_270' title='bbox 1351 3349 1408 3402; x_wconf 83' lang='lat' dir='ltr'>and</span> <span class='ocrx_word' id='word_1_271' title='bbox 1426 3349 1475 3403; x_wconf 82' lang='lat' dir='ltr'>tire</span> 
     </span>
     <span class='ocr_line' id='line_1_29' title="bbox 326 3429 1476 3501; baseline 0.002 -16"><span class='ocrx_word' id='word_1_272' title='bbox 326 3429 472 3501; x_wconf 71' lang='lat' dir='ltr'>plaintiffls</span> <span class='ocrx_word' id='word_1_273' title='bbox 489 3429 564 3500; x_wconf 85' lang='lat' dir='ltr'>right</span> <span class='ocrx_word' id='word_1_274' title='bbox 582 3432 614 3486; x_wconf 93' lang='lat' dir='ltr'>of</span> <span class='ocrx_word' id='word_1_275' title='bbox 626 3431 721 3488; x_wconf 83' lang='lat' dir='ltr'>action</span> <span class='ocrx_word' id='word_1_276' title='bbox 739 3449 796 3488; x_wconf 89' lang='lat' dir='ltr'>was</span> <span class='ocrx_word' id='word_1_277' title='bbox 814 3431 932 3500; x_wconf 87' lang='lat' dir='ltr'>thereby</span> <span class='ocrx_word' id='word_1_278' title='bbox 945 3429 1119 3500; x_wconf 87' lang='lat' dir='ltr'>irrevocably</span> <span class='ocrx_word' id='word_1_279' title='bbox 1131 3447 1213 3500; x_wconf 84' lang='lat' dir='ltr'>gone,</span> <span class='ocrx_word' id='word_1_280' title='bbox 1226 3431 1349 3487; x_wconf 85' lang='lat' dir='ltr'>because</span> <span class='ocrx_word' id='word_1_281' title='bbox 1366 3433 1414 3487; x_wconf 89' lang='lat' dir='ltr'>the</span> <span class='ocrx_word' id='word_1_282' title='bbox 1429 3449 1476 3487; x_wconf 84' lang='lat' dir='ltr'>res</span> 
     </span>
     <span class='ocr_line' id='line_1_30' title="bbox 325 3513 1475 3586; baseline 0.001 -15"><span class='ocrx_word' id='word_1_283' title='bbox 325 3515 383 3572; x_wconf 91' lang='lat' dir='ltr'>had</span> <span class='ocrx_word' id='word_1_284' title='bbox 395 3515 468 3570; x_wconf 86' lang='lat' dir='ltr'>been</span> <span class='ocrx_word' id='word_1_285' title='bbox 482 3513 510 3568; x_wconf 92' lang='lat' dir='ltr'>in</span> <span class='ocrx_word' id='word_1_286' title='bbox 528 3513 663 3570; x_wconf 86' lang='lat' dir='ltr'>iudicium</span> <span class='ocrx_word' id='word_1_287' title='bbox 676 3515 808 3584; x_wconf 85' lang='lat' dir='ltr'>deducta,</span> <span class='ocrx_word' id='word_1_288' title='bbox 820 3515 878 3572; x_wconf 84' lang='lat' dir='ltr'>end</span> <span class='ocrx_word' id='word_1_289' title='bbox 895 3514 985 3572; x_wconf 86' lang='lat' dir='ltr'>either</span> <span class='ocrx_word' id='word_1_290' title='bbox 998 3515 1033 3570; x_wconf 91' lang='lat' dir='ltr'>he</span> <span class='ocrx_word' id='word_1_291' title='bbox 1051 3513 1135 3570; x_wconf 90' lang='lat' dir='ltr'>could</span> <span class='ocrx_word' id='word_1_292' title='bbox 1150 3523 1200 3570; x_wconf 91' lang='lat' dir='ltr'>not</span> <span class='ocrx_word' id='word_1_293' title='bbox 1216 3531 1267 3570; x_wconf 87' lang='lat' dir='ltr'>sue</span> <span class='ocrx_word' id='word_1_294' title='bbox 1286 3515 1370 3585; x_wconf 82' lang='lat' dir='ltr'>again</span> <span class='ocrx_word' id='word_1_295' title='bbox 1384 3527 1413 3572; x_wconf 90' lang='lat' dir='ltr'>at</span> <span class='ocrx_word' id='word_1_296' title='bbox 1430 3517 1475 3586; x_wconf 82' lang='lat' dir='ltr'>all,</span> 
     </span>
     <span class='ocr_line' id='line_1_31' title="bbox 325 3597 1476 3668; baseline 0.003 -16"><span class='ocrx_word' id='word_1_297' title='bbox 325 3614 365 3666; x_wconf 89' lang='lat' dir='ltr'>or,</span> <span class='ocrx_word' id='word_1_298' title='bbox 375 3597 398 3654; x_wconf 88' lang='lat' dir='ltr'>if</span> <span class='ocrx_word' id='word_1_299' title='bbox 408 3599 444 3654; x_wconf 90' lang='lat' dir='ltr'>he</span> <span class='ocrx_word' id='word_1_300' title='bbox 455 3598 547 3664; x_wconf 89' lang='lat' dir='ltr'>could,</span> <span class='ocrx_word' id='word_1_301' title='bbox 556 3598 605 3654; x_wconf 88' lang='lat' dir='ltr'>the</span> <span class='ocrx_word' id='word_1_302' title='bbox 615 3598 770 3654; x_wconf 86' lang='lat' dir='ltr'>defendant</span> <span class='ocrx_word' id='word_1_303' title='bbox 780 3599 864 3654; x_wconf 89' lang='lat' dir='ltr'>could</span> <span class='ocrx_word' id='word_1_304' title='bbox 876 3599 954 3668; x_wconf 89' lang='lat' dir='ltr'>repel</span> <span class='ocrx_word' id='word_1_305' title='bbox 966 3597 1025 3654; x_wconf 89' lang='lat' dir='ltr'>him</span> <span class='ocrx_word' id='word_1_306' title='bbox 1035 3597 1073 3666; x_wconf 94' lang='lat' dir='ltr'>by</span> <span class='ocrx_word' id='word_1_307' title='bbox 1082 3597 1131 3652; x_wconf 88' lang='lat' dir='ltr'>the</span> <span class='ocrx_word' id='word_1_308' title='bbox 1141 3597 1269 3668; x_wconf 82' lang='lat' dir='ltr'>exceptio</span> <span class='ocrx_word' id='word_1_309' title='bbox 1282 3599 1321 3654; x_wconf 90' lang='lat' dir='ltr'>rei</span> <span class='ocrx_word' id='word_1_310' title='bbox 1335 3598 1476 3656; x_wconf 83' lang='lat' dir='ltr'>iudicatae</span> 
     </span>
     <span class='ocr_line' id='line_1_32' title="bbox 325 3679 1475 3752; baseline 0.003 -16"><span class='ocrx_word' id='word_1_311' title='bbox 325 3698 358 3736; x_wconf 90' lang='lat' dir='ltr'>or</span> <span class='ocrx_word' id='word_1_312' title='bbox 370 3681 398 3737; x_wconf 92' lang='lat' dir='ltr'>in</span> <span class='ocrx_word' id='word_1_313' title='bbox 418 3681 553 3736; x_wconf 88' lang='lat' dir='ltr'>iudicium</span> <span class='ocrx_word' id='word_1_314' title='bbox 571 3681 719 3750; x_wconf 89' lang='lat' dir='ltr'>deductae,</span> <span class='ocrx_word' id='word_1_315' title='bbox 734 3681 823 3737; x_wconf 88' lang='lat' dir='ltr'>Gaius</span> <span class='ocrx_word' id='word_1_316' title='bbox 836 3681 872 3738; x_wconf 87' lang='lat' dir='ltr'>iv.</span> <span class='ocrx_word' id='word_1_317' title='bbox 890 3681 956 3736; x_wconf 90' lang='lat'>106:</span> <span class='ocrx_word' id='word_1_318' title='bbox 976 3681 1012 3736; x_wconf 91' lang='lat' dir='ltr'>cf.</span> <span class='ocrx_word' id='word_1_319' title='bbox 1024 3679 1083 3736; x_wconf 88' lang='lat' dir='ltr'>Cic.</span> <span class='ocrx_word' id='word_1_320' title='bbox 1093 3681 1129 3736; x_wconf 88' lang='lat' dir='ltr'>de</span> <span class='ocrx_word' id='word_1_321' title='bbox 1148 3680 1255 3737; x_wconf 87' lang='lat' dir='ltr'>invent.</span> <span class='ocrx_word' id='word_1_322' title='bbox 1269 3697 1338 3752; x_wconf 86' lang='lat' dir='ltr'>a.19</span> <span class='ocrx_word' id='word_1_323' title='bbox 1356 3683 1412 3738; x_wconf 88' lang='lat' dir='ltr'>‘ita</span> <span class='ocrx_word' id='word_1_324' title='bbox 1431 3683 1475 3739; x_wconf 86' lang='lat' dir='ltr'>ius</span> 
     </span>
     <span class='ocr_line' id='line_1_33' title="bbox 326 3763 1475 3836; baseline 0.002 -16"><span class='ocrx_word' id='word_1_325' title='bbox 326 3763 407 3820; x_wconf 88' lang='lat' dir='ltr'>civile</span> <span class='ocrx_word' id='word_1_326' title='bbox 426 3765 564 3820; x_wconf 88' lang='lat' dir='ltr'>habemus</span> <span class='ocrx_word' id='word_1_327' title='bbox 583 3764 777 3834; x_wconf 85' lang='lat' dir='ltr'>constitutum,</span> <span class='ocrx_word' id='word_1_328' title='bbox 790 3775 821 3822; x_wconf 93' lang='lat' dir='ltr'>ut</span> <span class='ocrx_word' id='word_1_329' title='bbox 839 3782 927 3822; x_wconf 87' lang='lat' dir='ltr'>causa</span> <span class='ocrx_word' id='word_1_330' title='bbox 942 3764 1026 3820; x_wconf 90' lang='lat' dir='ltr'>cadat</span> <span class='ocrx_word' id='word_1_331' title='bbox 1044 3764 1078 3832; x_wconf 84' lang='lat' dir='ltr'>is,</span> <span class='ocrx_word' id='word_1_332' title='bbox 1090 3764 1137 3835; x_wconf 89' lang='lat' dir='ltr'>qui</span> <span class='ocrx_word' id='word_1_333' title='bbox 1155 3781 1221 3832; x_wconf 88' lang='lat' dir='ltr'>non,</span> <span class='ocrx_word' id='word_1_334' title='bbox 1234 3766 1475 3836; x_wconf 83' lang='lat' dir='ltr'>quemadmodum</span> 
     </span>
     <span class='ocr_line' id='line_1_34' title="bbox 326 3847 1476 3919; baseline 0.003 -17"><span class='ocrx_word' id='word_1_335' title='bbox 326 3857 446 3918; x_wconf 90' lang='lat' dir='ltr'>oportet,</span> <span class='ocrx_word' id='word_1_336' title='bbox 459 3847 547 3918; x_wconf 86' lang='lat' dir='ltr'>egerit</span> <span class='ocrx_word' id='word_1_337' title='bbox 560 3849 582 3903; x_wconf 81' lang='lat'>:²</span> <span class='ocrx_word' id='word_1_338' title='bbox 600 3848 634 3903; x_wconf 87' lang='lat' dir='ltr'>cf.</span> <span class='ocrx_word' id='word_1_339' title='bbox 649 3848 706 3903; x_wconf 87' lang='lat' dir='ltr'>Tit.</span> <span class='ocrx_word' id='word_1_340' title='bbox 722 3863 762 3917; x_wconf 84' lang='lat'>13·</span> <span class='ocrx_word' id='word_1_341' title='bbox 779 3863 812 3903; x_wconf 90' lang='lat' dir='ltr'>ro</span> <span class='ocrx_word' id='word_1_342' title='bbox 824 3848 871 3904; x_wconf 92' lang='lat' dir='ltr'>inf.</span> <span class='ocrx_word' id='word_1_343' title='bbox 912 3849 940 3902; x_wconf 94' lang='lat' dir='ltr'>If</span> <span class='ocrx_word' id='word_1_344' title='bbox 949 3849 1028 3904; x_wconf 91' lang='lat' dir='ltr'>there</span> <span class='ocrx_word' id='word_1_345' title='bbox 1041 3863 1099 3904; x_wconf 84' lang='lat' dir='ltr'>was</span> <span class='ocrx_word' id='word_1_346' title='bbox 1116 3849 1179 3918; x_wconf 88' lang='lat' dir='ltr'>plus</span> <span class='ocrx_word' id='word_1_347' title='bbox 1196 3848 1295 3919; x_wconf 86' lang='lat' dir='ltr'>petitio</span> <span class='ocrx_word' id='word_1_348' title='bbox 1308 3849 1337 3904; x_wconf 90' lang='lat' dir='ltr'>in</span> <span class='ocrx_word' id='word_1_349' title='bbox 1350 3851 1398 3905; x_wconf 89' lang='lat' dir='ltr'>the</span> <span class='ocrx_word' id='word_1_350' title='bbox 1410 3867 1476 3906; x_wconf 91' lang='lat' dir='ltr'>con·</span> 
     </span>
     <span class='ocr_line' id='line_1_35' title="bbox 325 3930 1475 4004; baseline 0.003 -18"><span class='ocrx_word' id='word_1_351' title='bbox 325 3930 471 3992; x_wconf 85' lang='lat' dir='ltr'>demnatio</span> <span class='ocrx_word' id='word_1_352' title='bbox 485 3933 519 4000; x_wconf 88' lang='lat' dir='ltr'>(e.</span> <span class='ocrx_word' id='word_1_353' title='bbox 524 3949 552 4001; x_wconf 86' lang='lat' dir='ltr'>g.</span> <span class='ocrx_word' id='word_1_354' title='bbox 565 3932 588 3986; x_wconf 88' lang='lat' dir='ltr'>si</span> <span class='ocrx_word' id='word_1_355' title='bbox 601 3941 681 4002; x_wconf 85' lang='lat' dir='ltr'>paret</span> <span class='ocrx_word' id='word_1_356' title='bbox 702 3933 802 3988; x_wconf 89' lang='lat' dir='ltr'>decem</span> <span class='ocrx_word' id='word_1_357' title='bbox 819 3933 888 3988; x_wconf 86' lang='lat' dir='ltr'>dare</span> <span class='ocrx_word' id='word_1_358' title='bbox 905 3942 1044 4004; x_wconf 87' lang='lat' dir='ltr'>oportere,</span> <span class='ocrx_word' id='word_1_359' title='bbox 1058 3930 1142 3988; x_wconf 85' lang='lat' dir='ltr'>iudex</span> <span class='ocrx_word' id='word_1_360' title='bbox 1154 3932 1253 4002; x_wconf 82' lang='lat' dir='ltr'>viginti</span> <span class='ocrx_word' id='word_1_361' title='bbox 1273 3933 1475 4004; x_wconf 88' lang='lat' dir='ltr'>condemnato)</span> 
     </span>
     <span class='ocr_line' id='line_1_36' title="bbox 325 4015 1475 4084; baseline 0.004 -14"><span class='ocrx_word' id='word_1_362' title='bbox 325 4015 441 4084; x_wconf 91' lang='lat' dir='ltr'>nobody</span> <span class='ocrx_word' id='word_1_363' title='bbox 453 4016 537 4070; x_wconf 91' lang='lat' dir='ltr'>could</span> <span class='ocrx_word' id='word_1_364' title='bbox 550 4015 636 4070; x_wconf 86' lang='lat' dir='ltr'>suffer</span> <span class='ocrx_word' id='word_1_365' title='bbox 647 4015 697 4070; x_wconf 90' lang='lat' dir='ltr'>but</span> <span class='ocrx_word' id='word_1_366' title='bbox 711 4017 760 4072; x_wconf 89' lang='lat' dir='ltr'>the</span> <span class='ocrx_word' id='word_1_367' title='bbox 773 4016 936 4082; x_wconf 85' lang='lat' dir='ltr'>defendant,</span> <span class='ocrx_word' id='word_1_368' title='bbox 949 4017 1012 4070; x_wconf 90' lang='lat' dir='ltr'>who</span> <span class='ocrx_word' id='word_1_369' title='bbox 1028 4015 1130 4072; x_wconf 89' lang='lat' dir='ltr'>should</span> <span class='ocrx_word' id='word_1_370' title='bbox 1146 4017 1220 4072; x_wconf 89' lang='lat' dir='ltr'>have</span> <span class='ocrx_word' id='word_1_371' title='bbox 1235 4017 1321 4072; x_wconf 84' lang='lat' dir='ltr'>taken</span> <span class='ocrx_word' id='word_1_372' title='bbox 1334 4035 1399 4074; x_wconf 87' lang='lat' dir='ltr'>care</span> <span class='ocrx_word' id='word_1_373' title='bbox 1415 4021 1475 4075; x_wconf 87' lang='lat' dir='ltr'>that</span> 
     </span>
     <span class='ocr_line' id='line_1_37' title="bbox 325 4097 1476 4173; baseline 0.004 -20"><span class='ocrx_word' id='word_1_374' title='bbox 325 4097 374 4153; x_wconf 91' lang='lat' dir='ltr'>the</span> <span class='ocrx_word' id='word_1_375' title='bbox 388 4114 450 4154; x_wconf 91' lang='lat' dir='ltr'>sum</span> <span class='ocrx_word' id='word_1_376' title='bbox 468 4097 604 4167; x_wconf 85' lang='lat' dir='ltr'>specified</span> <span class='ocrx_word' id='word_1_377' title='bbox 620 4097 649 4154; x_wconf 90' lang='lat' dir='ltr'>in</span> <span class='ocrx_word' id='word_1_378' title='bbox 662 4099 710 4154; x_wconf 88' lang='lat' dir='ltr'>tbe</span> <span class='ocrx_word' id='word_1_379' title='bbox 727 4099 798 4156; x_wconf 90' lang='lat' dir='ltr'>later</span> <span class='ocrx_word' id='word_1_380' title='bbox 814 4099 864 4155; x_wconf 92' lang='lat' dir='ltr'>did</span> <span class='ocrx_word' id='word_1_381' title='bbox 880 4109 929 4154; x_wconf 91' lang='lat' dir='ltr'>not</span> <span class='ocrx_word' id='word_1_382' title='bbox 946 4100 1052 4156; x_wconf 87' lang='lat' dir='ltr'>exceed</span> <span class='ocrx_word' id='word_1_383' title='bbox 1065 4101 1125 4155; x_wconf 87' lang='lat' dir='ltr'>that</span> <span class='ocrx_word' id='word_1_384' title='bbox 1142 4099 1171 4154; x_wconf 91' lang='lat' dir='ltr'>in</span> <span class='ocrx_word' id='word_1_385' title='bbox 1187 4101 1236 4156; x_wconf 88' lang='lat' dir='ltr'>the</span> <span class='ocrx_word' id='word_1_386' title='bbox 1252 4101 1353 4157; x_wconf 90' lang='lat' dir='ltr'>earlier</span> <span class='ocrx_word' id='word_1_387' title='bbox 1369 4113 1431 4173; x_wconf 87' lang='lat' dir='ltr'>part</span> <span class='ocrx_word' id='word_1_388' title='bbox 1448 4105 1476 4158; x_wconf 93' lang='lat' dir='ltr'>of</span> 
     </span>
     <span class='ocr_line' id='line_1_38' title="bbox 325 4181 1476 4254; baseline 0.003 -16"><span class='ocrx_word' id='word_1_389' title='bbox 325 4183 375 4238; x_wconf 90' lang='lat' dir='ltr'>the</span> <span class='ocrx_word' id='word_1_390' title='bbox 393 4183 532 4248; x_wconf 89' lang='lat' dir='ltr'>formula;</span> <span class='ocrx_word' id='word_1_391' title='bbox 549 4181 600 4238; x_wconf 89' lang='lat' dir='ltr'>but</span> <span class='ocrx_word' id='word_1_392' title='bbox 619 4183 655 4238; x_wconf 89' lang='lat' dir='ltr'>be</span> <span class='ocrx_word' id='word_1_393' title='bbox 674 4182 759 4238; x_wconf 88' lang='lat' dir='ltr'>could</span> <span class='ocrx_word' id='word_1_394' title='bbox 778 4191 826 4251; x_wconf 78' lang='lat' dir='ltr'>get</span> <span class='ocrx_word' id='word_1_395' title='bbox 848 4181 965 4238; x_wconf 86' lang='lat' dir='ltr'>himself</span> <span class='ocrx_word' id='word_1_396' title='bbox 980 4183 1008 4238; x_wconf 86' lang='lat' dir='ltr'>iu</span> <span class='ocrx_word' id='word_1_397' title='bbox 1028 4183 1168 4254; x_wconf 86' lang='lat' dir='ltr'>integrum</span> <span class='ocrx_word' id='word_1_398' title='bbox 1186 4183 1332 4240; x_wconf 85' lang='lat' dir='ltr'>restitutus</span> <span class='ocrx_word' id='word_1_399' title='bbox 1351 4187 1410 4242; x_wconf 85' lang='lat' dir='ltr'>and</span> <span class='ocrx_word' id='word_1_400' title='bbox 1427 4187 1476 4242; x_wconf 86' lang='lat' dir='ltr'>the</span> 
     </span>
     <span class='ocr_line' id='line_1_39' title="bbox 325 4263 1474 4338; baseline 0.006 -20"><span class='ocrx_word' id='word_1_401' title='bbox 325 4263 446 4320; x_wconf 84' lang='lat' dir='ltr'>formula</span> <span class='ocrx_word' id='word_1_402' title='bbox 462 4263 589 4319; x_wconf 85' lang='lat' dir='ltr'>rectified</span> <span class='ocrx_word' id='word_1_403' title='bbox 607 4266 645 4334; x_wconf 94' lang='lat' dir='ltr'>by</span> <span class='ocrx_word' id='word_1_404' title='bbox 657 4265 705 4320; x_wconf 88' lang='lat' dir='ltr'>the</span> <span class='ocrx_word' id='word_1_405' title='bbox 724 4275 837 4336; x_wconf 88' lang='lat' dir='ltr'>praetor</span> <span class='ocrx_word' id='word_1_406' title='bbox 855 4275 884 4322; x_wconf 90' lang='lat' dir='ltr'>at</span> <span class='ocrx_word' id='word_1_407' title='bbox 902 4283 959 4335; x_wconf 89' lang='lat' dir='ltr'>any</span> <span class='ocrx_word' id='word_1_408' title='bbox 971 4265 1040 4322; x_wconf 85' lang='lat' dir='ltr'>time</span> <span class='ocrx_word' id='word_1_409' title='bbox 1056 4267 1154 4322; x_wconf 85' lang='lat' dir='ltr'>before</span> <span class='ocrx_word' id='word_1_410' title='bbox 1164 4265 1323 4338; x_wconf 80' lang='lat' dir='ltr'>judgrnent,</span> <span class='ocrx_word' id='word_1_411' title='bbox 1336 4269 1426 4324; x_wconf 89' lang='lat' dir='ltr'>Gaius</span> <span class='ocrx_word' id='word_1_412' title='bbox 1439 4269 1474 4326; x_wconf 85' lang='lat' dir='ltr'>ir.</span> 
     </span>
     <span class='ocr_line' id='line_1_40' title="bbox 327 4347 1474 4423; baseline 0.002 -19"><span class='ocrx_word' id='word_1_413' title='bbox 327 4360 368 4418; x_wconf 83' lang='lat'>57.</span> <span class='ocrx_word' id='word_1_414' title='bbox 389 4347 550 4404; x_wconf 88' lang='lat' dir='ltr'>Overclaim</span> <span class='ocrx_word' id='word_1_415' title='bbox 559 4347 588 4404; x_wconf 94' lang='lat' dir='ltr'>in</span> <span class='ocrx_word' id='word_1_416' title='bbox 598 4350 647 4404; x_wconf 87' lang='lat' dir='ltr'>the</span> <span class='ocrx_word' id='word_1_417' title='bbox 657 4349 861 4406; x_wconf 84' lang='lat' dir='ltr'>demonstratio</span> <span class='ocrx_word' id='word_1_418' title='bbox 869 4349 979 4419; x_wconf 84' lang='lat' dir='ltr'>injured</span> <span class='ocrx_word' id='word_1_419' title='bbox 988 4367 1026 4406; x_wconf 84' lang='lat' dir='ltr'>no</span> <span class='ocrx_word' id='word_1_420' title='bbox 1035 4367 1090 4406; x_wconf 83' lang='lat' dir='ltr'>one</span> <span class='ocrx_word' id='word_1_421' title='bbox 1101 4349 1120 4420; x_wconf 76' lang='grc' dir='ltr'>(ι</span> <span class='ocrx_word' id='word_1_422' title='bbox 1128 4360 1156 4408; x_wconf 89' lang='lat' dir='ltr'>et</span> <span class='ocrx_word' id='word_1_423' title='bbox 1165 4349 1219 4406; x_wconf 91' lang='lat' dir='ltr'>boc</span> <span class='ocrx_word' id='word_1_424' title='bbox 1226 4361 1269 4406; x_wconf 89' lang='lat' dir='ltr'>est</span> <span class='ocrx_word' id='word_1_425' title='bbox 1279 4353 1356 4423; x_wconf 91' lang='lat' dir='ltr'>quod</span> <span class='ocrx_word' id='word_1_426' title='bbox 1366 4353 1474 4422; x_wconf 89' lang='lat' dir='ltr'>dicitur,</span> 
     </span>
     <span class='ocr_line' id='line_1_41' title="bbox 326 4430 1476 4503; baseline 0.007 -19"><span class='ocrx_word' id='word_1_427' title='bbox 326 4433 398 4486; x_wconf 90' lang='lat' dir='ltr'>falsa</span> <span class='ocrx_word' id='word_1_428' title='bbox 417 4430 658 4486; x_wconf 88' lang='lat' dir='ltr'>demonstratione</span> <span class='ocrx_word' id='word_1_429' title='bbox 676 4449 737 4486; x_wconf 90' lang='lat' dir='ltr'>rem</span> <span class='ocrx_word' id='word_1_430' title='bbox 755 4450 813 4487; x_wconf 91' lang='lat' dir='ltr'>non</span> <span class='ocrx_word' id='word_1_431' title='bbox 831 4431 948 4502; x_wconf 86' lang='lat' dir='ltr'>perimi’</span> <span class='ocrx_word' id='word_1_432' title='bbox 962 4433 1050 4488; x_wconf 90' lang='lat' dir='ltr'>Gaius</span> <span class='ocrx_word' id='word_1_433' title='bbox 1064 4433 1100 4488; x_wconf 86' lang='lat' dir='ltr'>iv.</span> <span class='ocrx_word' id='word_1_434' title='bbox 1110 4432 1153 4503; x_wconf 83' lang='lat'>58)</span> <span class='ocrx_word' id='word_1_435' title='bbox 1166 4453 1173 4500; x_wconf 88' lang='lat'>;</span> <span class='ocrx_word' id='word_1_436' title='bbox 1192 4439 1241 4490; x_wconf 89' lang='lat' dir='ltr'>the</span> <span class='ocrx_word' id='word_1_437' title='bbox 1256 4435 1377 4492; x_wconf 82' lang='lat' dir='ltr'>mistake</span> <span class='ocrx_word' id='word_1_438' title='bbox 1392 4437 1476 4492; x_wconf 81' lang='lat' dir='ltr'>could</span> 
     </span>
     <span class='ocr_line' id='line_1_42' title="bbox 326 4513 1475 4589; baseline 0.003 -17"><span class='ocrx_word' id='word_1_439' title='bbox 326 4515 362 4572; x_wconf 84' lang='lat' dir='ltr'>be</span> <span class='ocrx_word' id='word_1_440' title='bbox 375 4513 520 4572; x_wconf 85' lang='lat' dir='ltr'>corrected</span> <span class='ocrx_word' id='word_1_441' title='bbox 533 4513 570 4585; x_wconf 91' lang='lat' dir='ltr'>by</span> <span class='ocrx_word' id='word_1_442' title='bbox 583 4515 631 4572; x_wconf 85' lang='lat' dir='ltr'>the</span> <span class='ocrx_word' id='word_1_443' title='bbox 644 4514 728 4574; x_wconf 84' lang='lat' dir='ltr'>iudex</span> <span class='ocrx_word' id='word_1_444' title='bbox 740 4513 856 4573; x_wconf 86' lang='lat' dir='ltr'>without</span> <span class='ocrx_word' id='word_1_445' title='bbox 870 4517 919 4572; x_wconf 88' lang='lat' dir='ltr'>the</span> <span class='ocrx_word' id='word_1_446' title='bbox 932 4516 1074 4588; x_wconf 84' lang='lat' dir='ltr'>necessity</span> <span class='ocrx_word' id='word_1_447' title='bbox 1086 4517 1120 4574; x_wconf 90' lang='lat' dir='ltr'>of</span> <span class='ocrx_word' id='word_1_448' title='bbox 1132 4534 1188 4588; x_wconf 87' lang='lat' dir='ltr'>any</span> <span class='ocrx_word' id='word_1_449' title='bbox 1200 4518 1372 4589; x_wconf 88' lang='lat' dir='ltr'>applicarion</span> <span class='ocrx_word' id='word_1_450' title='bbox 1385 4530 1415 4576; x_wconf 87' lang='lat' dir='ltr'>to</span> <span class='ocrx_word' id='word_1_451' title='bbox 1428 4520 1475 4586; x_wconf 77' lang='lat' dir='ltr'>the</span> 
     </span>
    </p>
   </div>
   <div class='ocr_carea' id='block_1_4' title="bbox 0 0 1638 5188">
    <p class='ocr_par' dir='ltr' id='par_1_4' title="bbox 0 0 1638 5188">
     <span class='ocr_line' id='line_1_43' title="bbox 0 0 1638 5188; baseline 0 0"><span class='ocrx_word' id='word_1_452' title='bbox 0 0 1638 5188; x_wconf 95' lang='lat' dir='ltr'> </span> 
     </span>
    </p>
   </div>
  </div>
 </body>
</html>
