3152 5164
91 1082 153 1156 IN
176 1081 401 1158 NOMINE
420 1081 628 1157 DOMINI
644 1081 850 1158 NOSTRI
868 1082 997 1159 IESU
1013 1083 1240 1162 CHRISTI

90 1349 312 1400 IMPERATOR
339 1349 482 1400 CAESAR
507 1347 666 1400 FLAVIUS
694 1347 940 1402 IUSTINIANUS
971 1347 1244 1404 ALAMANNICUS

162 1452 351 1505 GOTHICUS
372 1453 579 1505 FRANCICUS
603 1452 847 1504 GERMANICUS
870 1455 1031 1508 ANTICUS
1055 1455 1172 1506 ALAN-

247 1557 330 1610 ICUS
356 1557 594 1608 VANDALICUS
625 1556 837 1608 AFRICANUS
868 1557 950 1610 PIUS
979 1559 1093 1610 FELIX

311 1659 486 1711 INCLITUS
512 1659 650 1710 VICTOR
678 1659 726 1710 AC
753 1659 1030 1713 TRIUMPHATOR

398 1762 545 1814 SEMPER
568 1762 764 1814 AUGUSTUS
782 1763 945 1814 CUPIDAE

481 1865 611 1918 LEGUM
634 1865 856 1918 IUVENTUTI.

138 2067 433 2132 IMPERATORIAM
459 2065 668 2130 maiestatem
696 2085 762 2130 non
788 2065 896 2130 solum
920 2065 1019 2131 annis
1046 2067 1245 2144 decoratam,
1295 2075 1299 2082 '

93 2173 154 2236 sed
174 2172 274 2236 etiam
293 2171 421 2253 legibus
439 2177 570 2253 oportet
588 2191 661 2234 esse
681 2179 854 2247 armatam,
871 2179 908 2236 ut
923 2179 1099 2254 utrumque
1115 2181 1246 2255 tempus

94 2285 128 2340 et
158 2274 321 2339 bellorum
356 2283 392 2339 et
429 2275 520 2357 pacis
558 2284 646 2339 recte
682 2273 786 2357 possit
818 2275 991 2357 gubernari
1025 2285 1059 2340 et
1095 2276 1247 2360 princeps

95 2381 268 2444 Romanus
287 2377 392 2443 victor
413 2379 539 2442 existat
561 2398 628 2442 non
650 2377 758 2441 solum
779 2379 813 2442 in
836 2377 1011 2443 hostilibus
1031 2379 1171 2461 proeliis,
1187 2380 1246 2444 sed

94 2484 196 2548 etiam
220 2503 281 2566 per
300 2482 466 2565 legitimos
492 2481 642 2547 tramites
669 2482 940 2547 calumniantium
972 2483 1163 2565 iniquitates
1187 2505 1247 2548 ex·

95 2587 230 2668 pellens,
246 2594 280 2650 et
302 2585 360 2650 fiat
383 2595 452 2650 tam
475 2585 553 2649 iuris
576 2583 839 2668 religiosissimus
857 2605 960 2668 quam
977 2587 1073 2652 victis
1095 2585 1246 2652 hostibus

95 2689 324 2772 triumphator.
602 2761 606 2768 ,

140 2792 290 2876 Quorum
317 2801 492 2876 utramque
516 2793 604 2859 viam
634 2815 710 2858 cum
741 2793 879 2859 summis
907 2793 1027 2878 vigiliis
1056 2801 1090 2858 et
1116 2803 1274 2859 summat

96 2897 302 2980 providentia
330 2898 498 2961 adnuente
534 2897 599 2962 deo
629 2897 835 2981 perfecimus.
889 2905 923 2962 et
952 2897 1089 2962 bellicos
1111 2899 1247 2981 quidem

96 2997 230 3065 sudores
253 3009 382 3065 nostros
408 3001 597 3065 barbaricae
622 3012 739 3086 gentes
763 3002 825 3065 sub
850 3001 927 3084 iuga
950 3009 1062 3066 nostra
1084 3002 1247 3066 deductae

97 3113 298 3186 cognoscunt
317 3113 351 3169 et
373 3115 442 3169 tarn
458 3103 574 3169 Africa
595 3125 696 3188 quam
715 3105 800 3169 aliae
817 3105 1045 3170 innumerosae
1060 3106 1248 3188 provinciae

97 3215 172 3291 post
187 3216 280 3272 tanta
295 3217 482 3292 temporum
503 3209 611 3291 spatia
632 3209 750 3274 nostris
765 3209 908 3274 victoriis
924 3229 945 3273 a
963 3208 1096 3273 caelesti
1113 3209 1247 3274 numine

97 3312 260 3394 praestitis
278 3313 396 3377 iterum
417 3312 538 3377 dicioni
563 3313 737 3376 Romanae
757 3322 937 3394 nostroque
959 3313 1094 3377 additae
1109 3313 1247 3396 imperio

98 3425 328 3499 protestantur.
373 3435 490 3478 omnes
519 3435 598 3478 vero
629 3414 743 3497 populi
774 3415 902 3498 legibus
933 3416 999 3479 iam
1026 3437 1046 3481 a
1077 3417 1171 3481 nobis
1193 3417 1246 3482 vel

98 3520 313 3603 promulgatis
333 3519 386 3582 vel
408 3517 600 3600 compositis
621 3527 786 3600 reguntur.
841 3518 887 3582 Et
910 3539 986 3582 cum
1009 3519 1277 3585 sacratissimas2

98 3624 348 3690 constitutiones
374 3632 473 3686 antea
503 3619 655 3686 confusas
683 3621 716 3684 in
746 3620 948 3686 luculentam
978 3623 1144 3686 ereximus
1170 3643 1247 3686 con·

98 3728 290 3807 sonandam,
314 3736 394 3792 tunc
417 3735 563 3791 nostram
585 3725 798 3802 extendimus
823 3743 935 3790 curam
960 3731 994 3789 et
1018 3726 1062 3789 ad
1086 3725 1247 3790 immensa

100 3833 289 3914 prudentiae
314 3831 433 3896 veteris
456 3829 632 3908 volumina,
657 3838 691 3894 et
721 3849 806 3912 opus
832 3829 1044 3912 desperatum
1067 3829 1161 3912 quasi
1189 3849 1247 3912 per

101 3937 242 4000 medium
258 3935 457 4018 profundum
481 3943 597 4000 euntes
619 3932 752 3998 caelesti
770 3931 882 3998 lavore
902 3933 969 3997 iarn
984 3932 1246 4016 adimplevimus.

102 4038 250 4123 Cumque
281 4040 345 4103 hoc
378 4041 442 4104 deo
474 4039 617 4122 propitio
649 4047 819 4121 peractum
853 4046 912 4117 est,
943 4037 1147 4101 Triboniano
1177 4037 1277 4102 viro3

102 4142 270 4226 magnifico
301 4144 459 4226 magistro
489 4152 523 4206 et
552 4153 772 4225 exquaestore
802 4141 885 4206 sacri
913 4140 1027 4225 palatii
1057 4139 1160 4205 nostri
1186 4161 1246 4205 nec

102 4268 164 4312 non
189 4246 376 4329 Theophilo
406 4255 441 4310 et
467 4245 639 4310 Dorotheo
664 4247 741 4310 viris
771 4245 952 4311 illustribus
975 4245 1246 4324 antecessoribus,

101 4371 236 4435 quorum
248 4351 396 4414 omniurn
412 4349 592 4416 sollertiam
608 4359 642 4414 et
658 4349 767 4432 legum
783 4349 954 4414 scientiam
970 4357 1003 4412 et
1018 4348 1103 4413 circa
1118 4359 1247 4414 nostras

102 4455 256 4520 iussiones
275 4454 376 4518 fidem
401 4453 467 4518 iarn
492 4474 537 4518 ex
558 4453 670 4519 multis
695 4473 802 4517 rerum
825 4452 1026 4536 argumentis
1049 4453 1246 4535 accepimus,

102 4559 285 4626 convocatis
322 4557 508 4644 specialiter
545 4557 785 4637 mandavimus,
822 4565 859 4622 ut
897 4564 1009 4622 nostra
1047 4557 1246 4623 auctoritate
