3274 5152
289 391 353 458 240
492 377 843 438 INSTITIJTIONUM
860 377 980 434 LIBRI
997 377 1234 450 QUATTUOR.
1330 380 1395 448 [Lib.
1406 386 1439 436 ll.

289 557 376 626 sunt,
403 555 438 613 et
459 547 532 615 aliis
554 549 702 632 personis
725 547 773 613 eis
795 545 978 612 coniunctis
1000 547 1229 632 testimonium
1251 569 1317 614 non
1339 551 1439 614 dene·

288 673 415 736 gamm,
427 652 529 717 immo
544 653 578 716 in
593 653 738 736 quadam
754 659 867 714 nostra
882 650 1117 715 constitutione
1132 662 1166 716 et
1181 651 1244 716 hoc
1254 653 1438 736 specialiter

289 755 521 831 concessimus,
539 763 574 820 et
589 754 696 819 multo
711 753 818 836 magis
833 752 893 829 his,
909 753 966 835 qui
986 753 1019 816 in
1035 773 1149 818 eorum
1165 763 1333 838 potestate
1349 767 1436 833 sunt,

287 858 342 923 vel
356 859 413 940 qui
429 878 485 922 eos
500 857 625 922 habent
640 859 673 921 in
688 865 863 939 potestate,
878 855 1066 920 huiusmodi
1082 857 1249 922 licentiam
1264 858 1393 924 damus.

242 971 276 1027 12
333 960 426 1024 Nihil
445 970 558 1026 autem
579 961 722 1036 interest,
741 968 981 1026 testamentum
1002 961 1036 1022 in
1054 960 1176 1026 tabulis
1196 982 1240 1025 an
1260 963 1294 1026 in
1315 963 1443 1028 chartis

243 1075 277 1132 13
291 1063 532 1129 membranisve
553 1063 607 1128 vel
629 1064 662 1127 in
684 1061 750 1128 alia
776 1063 914 1127 materia
938 1061 1006 1126 fiat.
1053 1062 1122 1128 Sed
1145 1072 1180 1127 et
1206 1085 1310 1128 unum
1334 1073 1438 1130 testa-

290 1175 439 1232 mentum
463 1165 611 1250 pluribus
632 1167 799 1232 codicibus
823 1166 983 1231 conficere
1010 1167 1086 1248 quis
1109 1175 1229 1250 potest,
1255 1169 1437 1233 secundum

288 1271 494 1353 optinentcm
507 1279 620 1334 tamen
635 1270 900 1334 observationem
915 1269 1068 1334 omnibus
1084 1269 1189 1334 factis.
1233 1271 1322 1353 quod
1339 1271 1437 1334 inter·

289 1373 370 1438 dum
386 1374 655 1438 et.necessarium
674 1381 732 1448 est,
756 1373 783 1437 si
805 1373 879 1455 quis
898 1373 1110 1456 navigaturus
1126 1381 1160 1437 et
1176 1393 1288 1438 secum
1303 1373 1387 1438 ferre
1402 1383 1438 1440 et

288 1478 380 1542 domi
403 1477 586 1560 relinquere
609 1477 803 1541 iudiciorum
825 1497 960 1540 suorum
982 1477 1258 1542 contestationem
1276 1478 1364 1551 velit,
1382 1477 1437 1544 vel

288 1590 425 1664 propter
434 1580 517 1644 alias
527 1580 780 1645 innumerabiles
792 1600 916 1660 causas,
926 1601 1011 1663 quae
1021 1579 1175 1645 humanis
1184 1581 1436 1646 necessitatibus

242 1693 276 1749 14
289 1684 472 1748 imminent.
517 1681 586 1748 Sed
601 1683 684 1748 haec
698 1683 834 1766 quidem
857 1683 900 1748 de
918 1684 1135 1762 testamentis,
1150 1703 1236 1766 quae
1256 1684 1289 1746 iu
1305 1685 1435 1767 scriptis

289 1787 514 1854 conficiuntur.
558 1788 584 1852 si
600 1788 674 1870 quis
689 1796 802 1852 autem
817 1787 957 1853 voluerit
972 1789 1042 1853 sine
1057 1788 1187 1870 scriptis
1202 1789 1352 1852 ordinare
1367 1789 1436 1852 iure

288 1891 375 1958 civili
391 1899 638 1970 testamentum,
652 1901 781 1974 septem
802 1893 942 1958 testibus
964 1891 1122 1956 adhibitis
1141 1901 1175 1956 et
1190 1913 1251 1956 sua
1264 1891 1436 1957 voluntate

288 2016 400 2062 coram
427 1997 473 2061 eis
498 2005 686 2079 nuncupata
702 1997 784 2061 sciat
810 1996 873 2061 hoc
895 1996 1170 2080 perfectissimum
1196 2005 1435 2065 testamentum

288 2101 358 2166 iure
372 2099 459 2166 civili
474 2097 671 2182 firmumque
686 2101 912 2168 constitutum.

827 2319 890 2386 XI.

599 2497 649 2548 DE
674 2496 848 2548 MILITARI
872 2495 1133 2549 TESTAMENTO.

332 2643 441 2728 Supra
464 2645 554 2712 dicta
582 2647 723 2731 diligens
746 2647 935 2712 observatio
957 2647 991 2712 in
1013 2647 1203 2714 ordinandis
1227 2648 1436 2714 testamentis

288 2749 447 2814 militibus
459 2759 594 2833 propter
605 2752 742 2816 nimiam
759 2751 957 2833 imperitiam
972 2751 1263 2817 constitutionibus
1276 2754 1437 2835 principa·

322 2923 337 2991 5
351 2925 395 2980 18.
416 2923 457 2980 Cs.
472 2923 632 2994 Suetonius,
646 2925 748 2980 Octav.
763 2938 809 2979 101
826 2923 1043 2980 ‘testamentum
1063 2923 1174 2980 duobus
1191 2923 1336 2980 codicibus
1350 2926 1436 2997 scrip

286 3007 364 3076 tum‚’
375 3007 433 3062 and
445 3006 483 3062 ib.
497 3005 592 3062 Tiber.
605 3008 640 3076 76
653 3010 660 3038 ¹
671 3017 873 3063 testamentum
892 3007 1005 3079 duplex,
1017 3006 1119 3062 eodem
1136 3008 1283 3078 exemplo.’
1319 3009 1376 3064 For
1388 3010 1437 3064 the

286 3088 427 3159 necessity
437 3088 469 3144 oi
477 3089 548 3144 each
561 3106 634 3160 copy
642 3089 727 3160 being
740 3089 870 3158 sormally
880 3089 1017 3144 executed
1030 3105 1078 3144 see
1092 3088 1159 3159 Dig.
1170 3103 1214 3157 37.
1227 3105 1267 3145 ιι.
1280 3105 1302 3146 1.
1313 3103 1328 3158 7
1342 3090 1381 3146 ‘si
1393 3133 1400 3148 .
1411 3129 1436 3148 ..

286 3187 374 3226 uuum
395 3171 491 3228 iecerit
510 3181 629 3228 testator
647 3171 727 3244 quasi
748 3181 958 3242 testamentum,
977 3169 1054 3227 aliud
1074 3171 1154 3242 quasi
1173 3173 1333 3242 exemplum
1352 3173 1407 3244 (ie.
1419 3191 1438 3230 a

286 3271 363 3310 mere
382 3272 463 3327 copy,
475 3255 592 3311 without
611 3256 785 3312 observante
804 3255 838 3310 ol
853 3255 937 3326 torm)
954 3253 978 3310 si
1000 3263 1077 3311 extat
1096 3253 1173 3326 quod
1191 3256 1351 3327 exemplum
1368 3267 1437 3328 erat,

286 3337 425 3394 bonorum
439 3338 582 3409 possessio
595 3338 653 3411 peti
666 3355 723 3394 non
737 3338 857 3410 poterit!
1202 3335 1206 3342 ¹

322 3421 337 3489 5
351 3423 396 3477 14.
418 3423 451 3476 ln
466 3421 587 3477 Cicero’s
604 3421 672 3478 time
685 3439 723 3476 no
736 3422 796 3478 oral
809 3421 864 3478 will
882 3420 940 3477 had
958 3437 1015 3491 any
1028 3419 1160 3491 validity:
1180 3419 1208 3476 ln
1221 3421 1302 3477 Verr.
1315 3436 1339 3478 a.
1357 3437 1379 3476 t.
1392 3424 1436 3492 48,

286 3504 378 3560 where
387 3505 422 3560 he
431 3521 548 3561 accuses
557 3507 660 3561 Verres
670 3505 703 3560 os
708 3505 865 3576 promising
874 3505 1012 3560 bonorum
1022 3504 1166 3576 possessio
1174 3505 1266 3561 where
1276 3521 1314 3560 no
1323 3507 1437 3562 tabulae

286 3587 448 3644 testamenti
471 3605 543 3644 were
563 3587 709 3660 produced
731 3589 769 3659 by
789 3588 838 3644 the
860 3587 1023 3660 applicant;
1048 3587 1083 3645 cs.
1105 3587 1142 3644 de
1163 3599 1233 3646 orat.
1258 3604 1280 3645 r.
1299 3603 1344 3658 43.
1381 3591 1436 3647 But

288 3670 440 3726 Suetonius
455 3669 484 3726 in
501 3671 545 3726 hIs
565 3671 612 3726 lise
631 3672 663 3727 os
679 3673 793 3726 Horace
806 3687 872 3740 says
886 3669 1005 3726 ‘herede
1018 3671 1146 3741 Augusto
1159 3673 1253 3741 palam
1266 3683 1437 3742 nuncupato,

287 3771 361 3823 cum,
379 3765 497 3824 urgente
517 3753 544 3810 vi
565 3753 742 3824 valetudinis,
761 3771 819 3810 non
838 3753 978 3809 sufficeret
999 3752 1038 3808 ad
1059 3753 1252 3824 obsignandas
1273 3754 1436 3810 testamenti

286 3837 398 3894 tabulas
411 3836 543 3902 rancia
556 3838 605 3892 the
618 3836 732 3893 timeus
741 3836 855 3907 Trajan,
869 3851 901 3890 as
914 3851 1035 3906 appears
1051 3835 1124 3890 hom
1141 3835 1189 3890 the
1207 3836 1325 3906 rescrIpt
1339 3836 1367 3890 in
1381 3835 1437 3892 Tit.

291 3933 330 3976 rt.
347 3933 357 3974 r
373 3917 431 3986 ini..
449 3919 509 3975 oral
522 3919 591 3975 wills
610 3937 683 3976 were
702 3919 837 3992 perlectly
850 3919 951 3989 lawsul,
969 3919 1004 3974 ci.
1019 3917 1085 3988 Dig.
1100 3931 1143 3988 29.
1156 3931 1182 3986 7.
1196 3933 1248 3974 20:
1268 3919 1306 3988 by
1318 3917 1438 3974 modern

287 4001 394 4058 writers
406 4002 474 4072 they
486 4019 534 4058 are
547 4003 638 4059 called
651 4002 852 4074 nuncupative.

324 4085 442 4142 Besides
456 4087 503 4142 the
516 4085 624 4158 private
636 4088 723 4142 forms
736 4087 851 4156 already
863 4083 1013 4153 noticed,a
1027 4083 1081 4140 will
1093 4083 1184 4155 mIght
1196 4083 1233 4140 be
1246 4083 1357 4155 publice
1370 4101 1437 4140 con-

286 4169 392 4226 iectum
410 4167 501 4226 either
514 4169 552 4240 (t)
566 4169 603 4240 by
622 4169 708 4240 belng
726 4169 853 4226 oblatum
872 4179 901 4224 to
920 4169 968 4224 the
987 4185 1118 4240 emperor
1130 4169 1173 4238 by
1185 4167 1312 4239 petition,
1327 4168 1398 4224 Cod.
1410 4169 1437 4226 6.

287 4267 330 4324 23.
348 4267 386 4324 19,
400 4269 432 4308 or
446 4253 485 4324 (a)
498 4253 536 4324 by
555 4269 572 4308 a
591 4263 742 4310 statement
761 4253 794 4308 oi
809 4253 844 4310 its
863 4261 1001 4322 contenta,
1015 4252 1125 4322 usually
1141 4251 1345 4322 accompanied
1363 4253 1402 4322 by
1420 4269 1438 4308 a

287 4353 369 4408 copy,
382 4335 467 4408 belng
480 4335 564 4392 made
577 4345 606 4392 to
619 4353 636 4392 a
646 4336 742 4410 judge,
755 4337 818 4392 who
831 4335 947 4392 entered
960 4352 978 4391 a
991 4335 1098 4392 minute
1111 4335 1223 4392 thereos
1232 4333 1260 4390 in
1274 4337 1322 4390 the
1334 4335 1437 4390 official

287 4429 360 4489 acta,
375 4419 445 4476 Cod.
459 4421 511 4476 loc.
524 4419 570 4476 cit.
586 4421 626 4478 18.

323 4505 382 4560 'rit
396 4505 454 4560 ΧΙ.
466 4519 513 4570 pr.
533 4503 594 4562 The
607 4501 768 4576 exemption
780 4501 813 4560 ol
821 4501 940 4560 soldIers
953 4501 1025 4559 from
1036 4501 1084 4559 the
1093 4499 1173 4558 ordin
