3266 5188
281 355 346 426 504
484 348 557 403 INS
561 349 588 402 T
585 348 633 401 IT
635 347 690 402 UT
687 346 834 402 IONUM
851 346 969 400 LIBRI
988 345 1104 418 QUAT
1107 347 1134 400 T
1136 295 1225 401 ffOR.
1313 347 1380 412 [Lib.
1395 351 1446 400 lv.

234 530 266 591 ll
327 516 498 580 Interdum
522 513 598 579 furti
617 521 756 588 tenetur,
773 512 829 596 qui
845 513 915 595 ipse
934 512 1058 576 furtum
1082 533 1147 576 non
1170 511 1301 576 fecerit:
1325 511 1441 594 qualis

283 631 343 697 est,
359 621 450 684 cuius
471 639 535 702 ope
556 627 590 684 et
610 617 746 682 consilio
765 617 889 680 furtum
910 615 1035 680 factum
1058 625 1117 680 est.
1163 615 1278 698 inquo
1294 635 1440 680 numero

283 735 344 800 est,
360 726 415 806 qui
432 723 492 787 tibi
509 743 663 786 nummos
679 721 835 792 excussit,
850 728 886 783 ut
902 718 985 783 alius
1001 739 1057 782 eos
1076 728 1215 800 raperet,
1230 727 1288 782 aut
1303 719 1440 782 obstitit

283 828 353 905 tibi,
380 837 416 890 ut
440 826 524 890 alius
551 846 620 889 rem
647 835 739 889 tuam
764 825 942 905 exciperet,
969 823 1021 886 vel
1047 843 1125 886 oves
1148 832 1208 886 aut
1230 823 1333 886 boves
1358 831 1439 886 tuas

283 931 457 1014 fugaverit,
480 940 517 994 ut
541 929 625 992 alius
648 950 703 993 eas
727 929 915 1010 exciperet:
940 936 973 990 et
995 925 1058 989 hoc
1080 935 1209 990 veteres
1234 927 1438 1008 scripserunt

284 1037 328 1100 de
358 1055 408 1110 eo,
439 1035 495 1116 qui
526 1053 637 1116 panno
667 1033 765 1096 rubro
798 1031 924 1114 fugavit
953 1040 1149 1094 armentum.
1209 1031 1269 1094 sed
1297 1032 1323 1092 si
1353 1029 1436 1112 quid

285 1158 397 1202 eorum
422 1157 482 1220 per
507 1136 676 1200 lasciviam
699 1145 732 1199 et
759 1155 825 1198 non
855 1135 935 1200 data
961 1154 1069 1215 opera,
1096 1144 1133 1198 ut
1160 1133 1283 1198 furtum
1313 1133 1437 1197 admit·

286 1250 419 1314 teretur,
434 1240 559 1304 factum
581 1249 639 1317 est,
660 1241 693 1302 in
714 1239 836 1303 factum
855 1239 942 1302 actio
965 1238 1035 1300 dari
1056 1238 1186 1302 debeat.
1231 1248 1267 1302 at
1291 1238 1347 1301 ubi
1370 1258 1437 1319 ope

287 1345 409 1408 Maevii
425 1344 533 1407 Titius
549 1343 671 1407 furtum
684 1343 806 1418 fecerit,
822 1343 922 1406 ambo
937 1341 1013 1404 furti
1026 1350 1188 1406 tenentur.
1219 1362 1283 1423 ope
1300 1342 1437 1406 consilio

287 1450 356 1512 eius
378 1469 510 1532 quoque
532 1447 654 1512 furtum
677 1448 809 1511 admitti
825 1447 964 1523 videtur,
979 1446 1035 1528 qui
1056 1445 1160 1508 scalas
1179 1444 1264 1508 forte
1284 1445 1438 1510 fenestris

286 1553 443 1636 supponit
466 1563 523 1617 aut
544 1552 632 1635 ipsas
649 1552 808 1615 fenestras
827 1550 880 1614 vel
901 1551 1023 1614 ostium
1045 1549 1198 1632 effringit,
1216 1560 1252 1613 ut
1271 1549 1354 1612 alius
1369 1548 1437 1611 fur-

287 1667 358 1720 tum
381 1656 512 1734 faceret,
528 1657 625 1739 quive
646 1656 845 1720 ferramenta
867 1655 909 1718 ad
934 1653 1175 1736 effringendum
1195 1662 1252 1716 aut
1273 1653 1378 1716 scalas
1399 1663 1439 1718 ut

287 1761 437 1826 fenestris
471 1769 734 1843 supponerentur
769 1758 1037 1836 commodaverit,
1067 1758 1172 1822 sciens
1205 1757 1296 1820 cuius
1329 1758 1440 1840 gratia

287 1866 555 1930 commodaverit.
586 1873 673 1928 certe
688 1864 744 1945 qui
761 1862 884 1926 nullam
900 1881 1035 1943 operam
1051 1863 1094 1924 ad
1112 1862 1233 1926 lurtum
1249 1861 1440 1924 faciendum

287 1969 448 2045 adhibuit,
472 1970 530 2034 sed
554 1979 684 2033 tantum
709 1966 880 2032 consilium
902 1967 994 2030 dedit
1016 1975 1116 2048 atque
1142 1966 1292 2030 hortatus
1316 1973 1367 2028 est
1392 1965 1439 2028 ad

242 2083 275 2136 12
289 2075 411 2138 furtum
434 2073 630 2148 faciendum,
655 2093 720 2136 non
744 2080 875 2135 tenetur
896 2069 982 2134 furti.
1031 2071 1087 2147 Hi,
1109 2073 1166 2153 qui
1193 2072 1226 2132 in
1252 2071 1440 2152 parentium

288 2179 341 2242 vel
362 2179 571 2243 dominorum
594 2185 761 2260 potestate
783 2185 869 2251 sunt,
894 2175 921 2238 si
945 2195 1013 2238 rem
1036 2176 1082 2238 eis
1105 2175 1297 2256 subripiant,
1314 2175 1440 2240 furtum

288 2283 423 2366 quidem
440 2281 503 2346 illis
519 2281 642 2345 faciunt
658 2289 691 2344 et
712 2301 763 2344 res
785 2279 816 2342 in
840 2279 994 2342 furtivam
1011 2299 1144 2344 causam
1161 2279 1249 2344 cadit
1268 2299 1329 2343 nec
1344 2279 1388 2343 ob
1404 2279 1440 2342 id

289 2387 332 2451 ab
356 2386 423 2450 ullo
449 2386 583 2467 usucapi
606 2394 726 2467 potest,
751 2393 931 2466 antequam
958 2383 990 2446 in
1014 2383 1139 2448 domini
1162 2391 1364 2465 potestatem
1389 2404 1442 2446 re-

287 2499 440 2568 vertatur,
464 2489 523 2553 sed
547 2488 624 2553 furti
647 2489 733 2552 actio
756 2508 822 2551 non
853 2487 1005 2562 nascitur,
1033 2487 1109 2569 quia
1132 2507 1191 2550 nec
1219 2507 1263 2550 ex
1285 2487 1349 2550 alia
1371 2485 1441 2554 ulla

288 2614 387 2658 causa
402 2601 513 2676 potest
529 2592 613 2656 inter
629 2613 685 2656 eos
700 2593 787 2656 actio
804 2591 912 2655 nasci:
938 2591 1058 2654 sivero
1074 2611 1139 2674 ope
1154 2590 1289 2655 consilio
1306 2591 1441 2654 alterius

288 2697 412 2760 furtum
436 2697 559 2760 factum
584 2695 690 2770 fuerit,
717 2696 795 2777 quia
820 2695 933 2776 utique
960 2694 1083 2758 furtum
1111 2695 1336 2772 committitur,
1363 2715 1442 2758 con-

289 2799 459 2864 venienter
479 2798 533 2862 ille
556 2798 632 2862 furti
656 2807 794 2876 tenetur,
814 2799 891 2879 quia
913 2819 1027 2862 verum
1053 2808 1103 2864 cst
1125 2820 1189 2881 ope
1212 2799 1348 2862 consilio
1371 2799 1442 2862 eius

289 2903 413 2968 furtum
429 2901 552 2966 factum
569 2921 651 2966 esse.

290 3133 389 3204 taking
408 3133 450 3188 his
470 3145 603 3206 property
614 3151 694 3204 away
706 3133 778 3188 from
797 3151 814 3189 a
833 3151 936 3204 person
956 3137 1018 3190 who
1037 3135 1095 3190 had
1113 3153 1190 3192 mere
1209 3136 1355 3192 detention
1373 3138 1405 3191 of
1420 3137 1441 3192 it

290 3218 357 3286 only
369 3217 393 3272 if
402 3218 450 3272 the
460 3219 543 3273 latter
555 3218 612 3274 had
625 3236 643 3274 a
655 3219 728 3288 legal
741 3217 815 3288 right
825 3229 854 3272 to
865 3217 961 3274 detain
975 3218 1004 3287 it,
1019 3219 1086 3288 Dig.
1097 3233 1140 3286 47.
1150 3235 1174 3273 2.
1187 3233 1225 3289 15.
1240 3234 1264 3288 2,
1273 3237 1298 3276 e.
1303 3237 1329 3290 g.
1344 3238 1362 3276 a
1375 3237 1441 3274 usu-

291 3302 441 3372 fructuary‚
456 3301 522 3372 Dig.
536 3303 571 3357 ib.
590 3318 618 3357 1:
638 3302 674 3357 ib.
689 3317 731 3356 20.
749 3317 770 3370 1,
784 3302 841 3358 and
859 3320 877 3357 a
895 3303 971 3357 bona
989 3302 1044 3356 fide
1057 3320 1214 3373 possessor,
1228 3303 1316 3358 Gaius
1330 3303 1367 3360 iii.
1381 3319 1442 3358 200.

293 3389 318 3441 lt
332 3403 388 3442 was
408 3387 520 3457 equally
532 3387 636 3441 furtum
655 3387 698 3440 for
716 3403 733 3440 a
752 3387 870 3456 pledgor
888 3395 917 3440 to
936 3386 1057 3442 alienate
1078 3387 1126 3442 the
1144 3387 1246 3457 pignus
1259 3386 1375 3442 without
1393 3388 1443 3444 the

291 3470 433 3542 pledgee’s
456 3483 583 3540 consent,
603 3470 669 3541 Dig.
689 3483 732 3538 47.
752 3485 777 3524 2.
800 3485 839 3540 19.
858 3471 893 3526 6:
914 3469 950 3524 ib.
969 3471 1013 3524 66.
1050 3471 1112 3525 The
1134 3487 1179 3525 res
1199 3488 1251 3526 sua
1271 3470 1362 3525 which
1384 3487 1442 3525 was

292 3558 382 3612 stolen
395 3558 464 3626 bya
482 3557 614 3614 dominus
633 3575 719 3613 never
736 3557 854 3614 became
874 3557 976 3612 furtiva
995 3573 1027 3612 so
1046 3573 1077 3612 as
1097 3566 1127 3612 to
1146 3555 1258 3627 impede
1278 3557 1442 3628 usucapion,

293 3641 360 3711 Dig.
374 3641 411 3695 ib.
426 3657 467 3696 20.
485 3656 507 3695 1.

328 3723 342 3794 ξ
357 3727 397 3778 11.
417 3724 592 3779 ‘Consilium
611 3724 679 3778 dare
692 3723 809 3792 videtur,
824 3722 871 3794 qui
890 3723 1041 3792 persuadet
1054 3734 1081 3778 et
1095 3723 1213 3794 impellit
1229 3734 1314 3795 atque
1332 3724 1443 3780 instruit

292 3807 410 3862 consilio
430 3807 467 3860 ad
486 3806 590 3861 furtum
608 3806 787 3862 faciendum:
807 3823 891 3877 opem
910 3807 970 3872 fert,
990 3807 1037 3877 qui
1057 3807 1244 3862 ministerium
1261 3819 1346 3878 atque
1365 3809 1444 3864 adiu-

293 3890 395 3946 torium
409 3889 446 3944 ad
459 3889 657 3960 subripiendas
673 3907 717 3944 res
734 3889 866 3959 praebet'
880 3889 944 3959 Dig.
959 3903 1002 3957 47.
1019 3903 1060 3959 50.
1075 3905 1099 3958 3.
1139 3892 1255 3946 Instead
1267 3892 1300 3946 of
1308 3893 1357 3947 the
1369 3891 1444 3947 actio

293 3974 321 4028 in
335 3973 449 4040 factum,
463 3971 554 4026 which
567 3973 614 4042 lay
626 3971 654 4026 in
668 3973 716 4027 the
729 3989 795 4026 case
808 3973 841 4026 of
849 3972 973 4042 lascivia,
987 3975 1065 4028 there
1079 3975 1171 4029 would
1183 3975 1219 4030 be
1232 3993 1268 4030 an
1281 3975 1356 4031 actio
1369 3976 1444 4032 utilis

294 4055 385 4110 under
397 4055 445 4110 the
458 4055 503 4110 lex
515 4055 629 4126 Aquilia
641 4055 665 4109 if
680 4056 727 4110 the
740 4057 829 4111 alarm
843 4057 875 4110 of
890 4057 937 4112 the
955 4059 1041 4112 cattle
1053 4068 1081 4114 at
1094 4059 1142 4114 the
1161 4059 1211 4114 red
1224 4077 1275 4128 rag
1288 4059 1333 4114 led
1347 4069 1376 4114 to
1389 4076 1445 4128 any

294 4137 328 4192 of
342 4139 421 4194 them
434 4137 519 4209 being
538 4139 660 4208 actually
673 4138 791 4210 injured,
806 4140 894 4196 Gaius
913 4140 951 4196 iii.
966 4157 1026 4208 202,
1039 4141 1093 4196 Tit.
1107 4157 1132 4208 4.
1149 4143 1180 4196 16
1194 4142 1250 4208 int,
1265 4143 1332 4212 Dig.
1346 4157 1388 4210 47.
1403 4155 1444 4212 yo

294 4237 329 4290 43
349 4221 386 4276 ib.
409 4233 460 4290 51;
486 4237 511 4291 9.
532 4236 556 4276 2.
577 4235 619 4290 27.
639 4237 680 4280 21.
718 4224 840 4293 Though
861 4225 909 4279 the
927 4242 1020 4295 poena
1040 4226 1123 4280 could
1145 4226 1180 4280 be
1201 4227 1353 4280 recovered
1372 4227 1445 4282 from

294 4303 466 4359 accessories
480 4322 517 4359 no
530 4306 586 4360 less
604 4307 672 4360 than
690 4305 762 4360 from
781 4305 943 4378 principals,
957 4309 1024 4378 they
1037 4309 1120 4364 could
1133 4320 1182 4366 not
1195 4309 1231 4364 be
1245 4309 1315 4364 sued
1328 4311 1366 4379 by
1379 4326 1445 4364 con·

295 4387 382 4442 dictio
394 4387 504 4456 furtiva,
518 4389 561 4444 for
574 4389 665 4446 which
678 4407 726 4446 see
739 4407 776 4446 on
791 4389 804 4461 §
819 4406 850 4460 19
863 4391 920 4460 int,
935 4391 1002 4461 Dig.
1016 4407 1056 4460 13.
1070 4408 1091 4446 1.
1101 4393 1125 4449 6.

331 4468 405 4542 512.
425 4471 467 4527 Cf.
482 4473 535 4528 Bk.
549 4471 576 4528 ii.
589 4473 616 4530 6.
629 4475 645 4530 8
659 4491 734 4546 supr.
776 4475 837 4530 The
857 4484 963 4532 master
981 4475 1064 4532 could
1083 4485 1132 4532 not
1152 4493 1202 4532 sue
1221 4475 1268 4532 the
1288 4477 1373 4550 slave,
1394 4492 1446 4534 nor
