3310 5218
328 430 391 495 194
529 420 603 475 INS
606 418 677 474 TIT
680 418 734 473 UT
734 418 880 474 IONUM
897 417 1018 473 LIBRI
1036 418 1272 490 QUATTUOR.
1370 419 1475 486 [hihll.

325 594 410 650 sunt.
440 585 558 667 quodsi
583 605 660 648 casu
686 583 720 647 id
748 583 891 647 mixtum
918 581 1015 647 fuerit
1038 582 1091 646 vel
1117 583 1227 647 Titius
1250 582 1283 646 id
1308 581 1474 647 miscuerit

325 689 396 754 sine
417 689 589 753 voluntate
611 697 677 766 tua,
698 707 765 750 non
787 688 918 750 videtur
941 707 1116 750 commune
1139 707 1220 761 esse,
1244 686 1321 769 quia
1346 685 1475 768 singula

324 812 463 874 corpora
481 794 513 855 in
536 812 596 857 sua
615 791 800 856 substantia
815 791 936 854 durant
951 811 1011 854 nec
1027 791 1134 874 magis
1148 791 1220 855 istis
1235 790 1366 854 casibus
1382 809 1474 853 com·

324 917 426 959 mune
448 896 487 960 fit
508 895 720 972 frumentum,
736 915 836 976 quam
856 915 941 977 grex
960 895 1144 959 communis
1168 914 1240 958 esse
1262 893 1474 975 intellegitur,

324 1002 352 1063 si
368 1019 486 1083 pecora
509 999 590 1064 Titii
611 999 676 1063 tuis
695 999 866 1080 pecoribus
890 999 997 1061 mixta
1013 997 1153 1062 fuerint:
1176 998 1235 1064 sed
1259 999 1286 1062 si
1309 999 1352 1061 ab
1375 997 1473 1061 alter·

325 1113 400 1166 utro
415 1112 561 1167 vestrum
584 1104 617 1167 id
640 1112 748 1166 totum
770 1102 973 1166 frumentum
994 1103 1180 1180 retineatur,
1196 1103 1229 1165 in
1248 1122 1315 1165 rem
1338 1101 1473 1183 quidem

324 1209 412 1270 actio
437 1227 497 1289 pro
521 1207 621 1270 modo
645 1205 799 1269 frumenti
822 1206 980 1288 cuiusque
1003 1216 1182 1288 competat,
1206 1205 1340 1268 arbitrio
1360 1213 1472 1267 autem

325 1311 439 1374 iudicis
460 1311 654 1388 continetur,
679 1318 716 1372 ut
739 1309 767 1373 is
789 1310 953 1383 aestimet,
969 1309 1067 1391 quale
1090 1310 1248 1391 cuiusque
1271 1308 1472 1370 frumentum

276 1414 429 1478 29fuerit.
485 1411 571 1476 Cum
608 1413 641 1476 in
680 1433 740 1478 suo
773 1411 844 1476 solo
881 1411 1000 1494 aliquis
1038 1411 1149 1477 aliena
1187 1413 1326 1476 materia
1359 1409 1472 1475 aedifi-

325 1519 456 1595 caverit,
482 1517 553 1598 ipse
577 1518 731 1581 dominus
757 1515 958 1599 intellegitur
981 1516 1129 1594 aedificii,
1155 1516 1235 1598 quia
1256 1535 1356 1580 omne
1381 1515 1472 1597 quod

324 1620 552 1684 inaedificatur
579 1619 651 1683 solo
682 1620 780 1684 cedit.
822 1639 883 1684 nec
913 1627 1026 1683 tamen
1057 1620 1133 1684 ideo
1163 1621 1199 1694 is,
1227 1619 1284 1701 qui
1315 1618 1472 1682 materiae

323 1725 477 1788 dominus
493 1723 607 1802 fuerat,
620 1724 740 1788 desinit
753 1726 824 1788 eius
836 1723 990 1787 dominus
1006 1743 1096 1788 esse:
1121 1723 1179 1787 sed
1191 1724 1354 1804 tantisper
1365 1742 1472 1803 neque

321 1828 487 1891 vindicare
509 1847 583 1890 eam
606 1836 718 1909 potest
741 1847 849 1910 neque
873 1827 915 1891 ad
941 1827 1166 1890 exhibendum
1190 1828 1232 1890 de
1256 1847 1295 1889 ea
1316 1846 1350 1888 re
1373 1845 1472 1908 agere

321 1941 457 2014 propter
486 1931 594 2014 legem
626 1931 802 1996 duodecim
832 1931 1031 2004 tabularum,
1059 1952 1125 2013 qua
1154 1940 1296 2008 cavetur,
1326 1949 1368 1993 ne
1397 1929 1471 2011 quis

322 2036 451 2118 tignum
467 2037 610 2100 alienum
627 2035 765 2100 aedibus
788 2037 856 2099 suis
879 2036 1063 2100 iniunctum
1080 2035 1226 2099 eximere
1249 2045 1394 2117 cogatur,
1412 2034 1471 2097 sed

321 2139 460 2222 duplum
481 2159 541 2221 pro
562 2160 602 2203 eo
623 2149 768 2222 praestet
786 2160 846 2222 per
863 2139 1028 2203 actionem
1052 2159 1137 2221 quae
1155 2148 1292 2202 vocatur
1313 2139 1356 2202 de
1378 2138 1472 2219 tigno

320 2243 433 2306 iuncto
445 2238 681 2327 (appellatione
696 2253 808 2306 autem
825 2243 906 2326 tigni
925 2244 1032 2307 omnis
1048 2243 1186 2307 materia
1199 2241 1409 2324 significatur,
1427 2261 1471 2305 ex

321 2366 388 2427 qua
403 2346 552 2410 aedificia
567 2342 684 2432 fiunt):
708 2347 798 2428 quod
820 2348 896 2410 ideo
915 2348 1083 2429 provisum
1107 2355 1166 2420 est,
1187 2366 1228 2409 ne
1249 2343 1400 2409 aedificia
1421 2365 1471 2408 re-

322 2451 425 2513 scindi
448 2469 582 2514 necesse
605 2451 658 2514 sit.
689 2451 747 2514 sed
770 2451 797 2515 si
818 2450 929 2532 aliqua
951 2472 996 2514 ex
1018 2471 1118 2515 causa
1137 2451 1282 2514 dirutum
1299 2450 1342 2512 sit
1357 2447 1472 2512 aedifi·

321 2553 417 2630 cium,
443 2554 565 2635 poterit
592 2555 750 2618 materiae
779 2555 943 2633 dominus,
966 2556 993 2619 si
1020 2573 1086 2617 non
1113 2553 1210 2617 fuerit
1237 2552 1377 2635 duplum
1404 2553 1472 2615 iam

272 2674 308 2729 30
321 2665 518 2738 persecutus,
534 2666 613 2721 tunc
629 2678 703 2720 eam
723 2659 888 2722 vindicare
904 2668 937 2722 et
952 2659 995 2724 ad
1012 2658 1238 2722 exhibendum
1260 2677 1368 2740 agere.
1415 2655 1472 2719 Ex

320 2760 449 2822 diverso
464 2759 491 2823 si
509 2760 582 2842 quis
598 2761 631 2823 in
647 2760 755 2825 alieno
771 2762 842 2826 solo
859 2783 918 2826 sua
936 2763 1074 2826 materia
1086 2763 1223 2826 domum
1240 2760 1470 2833 aedificaverit,

355 2964 433 3030 629.
454 2967 479 3018 It
492 2965 585 3019 would
603 2979 681 3020 seem
698 2965 759 3020 that
772 2965 820 3021 the
833 2966 978 3021 materials
990 2983 1064 3022 were
1083 2966 1112 3021 in
1131 2951 1187 3021 this
1206 2982 1272 3020 case
1289 2965 1398 3035 subject
1412 2975 1441 3019 to
1455 2981 1473 3019 a

318 3045 422 3102 double
435 3047 593 3118 ownership
605 3067 611 3102 ε
631 3049 679 3102 the
691 3063 795 3118 person
808 3059 838 3104 to
850 3051 943 3104 whom
955 3052 1023 3120 they
1035 3049 1177 3120 belonged
1194 3050 1290 3104 before
1303 3048 1388 3118 being
1400 3047 1472 3102 used

317 3131 361 3184 for
370 3131 499 3201 building
511 3132 581 3186 ‘non
595 3132 698 3186 desinit
711 3131 843 3188 dominus
855 3133 916 3188 eius
928 3136 1009 3202 esse,’
1021 3134 1078 3188 and
1091 3145 1138 3204 yet
1150 3135 1199 3188 the
1208 3131 1319 3187 builder
1328 3131 1472 3186 ‘dominus
1634 3177 1635 3184 ,

318 3209 482 3286 intelligitur
494 3215 623 3284 aedificii,
637 3215 703 3286 quia
716 3233 800 3271 omne
813 3217 889 3288 quod
905 3215 1099 3272 inaedificatur
1114 3217 1175 3272 solo
1194 3216 1286 3272 cedit'
1322 3216 1385 3270 The
1397 3216 1472 3270 solu·
1634 3185 1635 3277 l

316 3297 377 3352 tion
391 3299 423 3352 of
431 3301 479 3353 the
493 3296 629 3368 difficulty
641 3299 692 3353 lies
709 3299 833 3371 perhaps
846 3300 875 3356 in
888 3302 936 3356 the
952 3301 1050 3355 notion
1064 3301 1096 3354 of
1109 3299 1266 3355 dominium
1283 3299 1427 3354 dormiens
1440 3315 1472 3353 or

317 3379 449 3436 dormant
469 3382 568 3452 rights,
588 3381 621 3436 of
636 3383 727 3438 which
746 3384 825 3439 there
845 3383 868 3438 is
886 3401 922 3440 an
941 3381 1109 3439 illustration
1132 3384 1160 3438 in
1180 3382 1269 3439 Gaius
1282 3382 1318 3437 iv.
1331 3384 1373 3451 78,
1391 3399 1423 3436 or
1442 3381 1471 3436 in

315 3464 365 3520 the
382 3467 504 3536 analogy
522 3466 555 3520 of
573 3466 797 3536 postliminium
816 3468 849 3523 cf.
866 3467 932 3538 Dig.
946 3469 972 3523 6.
989 3483 1010 3523 1.
1025 3482 1059 3538 59
1077 3467 1176 3522 ‘simul
1194 3477 1279 3537 atque
1293 3505 1300 3520 .
1314 3507 1321 3522 .
1335 3506 1342 3521 .
1354 3466 1472 3536 dempta

317 3559 421 3618 essent,
441 3549 574 3605 continuo
593 3550 621 3605 in
640 3550 788 3621 pristinam
812 3569 927 3606 causam
946 3551 1066 3607 reverti!
1101 3553 1164 3606 The
1183 3551 1258 3606 actio
1277 3551 1313 3605 de
1331 3549 1410 3619 tigno
1430 3549 1471 3604 in·

316 3631 412 3687 luncto
431 3634 477 3703 lay
491 3635 558 3703 only
571 3635 663 3689 where
681 3635 730 3689 the
749 3636 893 3690 materiale
913 3637 945 3689 of
960 3636 1050 3690 which
1070 3637 1119 3690 the
1141 3637 1230 3690 house
1248 3652 1305 3689 was
1324 3633 1394 3688 built
1413 3633 1471 3688 had

315 3715 388 3772 been
407 3718 518 3774 stolen:
538 3717 605 3772 ‘sed
622 3718 650 3771 in
669 3719 725 3772 hoc
744 3719 835 3772 solum
855 3719 900 3788 agi
919 3729 1023 3788 potest,
1036 3729 1066 3774 ut
1085 3720 1146 3773 sola
1158 3718 1312 3773 vindicatio
1330 3718 1423 3772 soluta
1440 3735 1471 3772 re

315 3811 459 3870 competat
478 3801 595 3869 mulieri,
615 3818 672 3854 non
691 3800 720 3854 in
739 3801 856 3870 duplum
875 3803 991 3870 exlege
1011 3801 1161 3856 duodecim
1181 3802 1358 3856 tabularum:
1378 3817 1471 3872 neque

315 3884 392 3938 enim
404 3884 537 3938 furtivum
550 3894 601 3952 est,
615 3883 691 3954 quod
708 3883 816 3938 sciente
829 3884 946 3938 domino
965 3883 1104 3938 inclusum
1117 3887 1176 3940 est’
1190 3886 1254 3956 Dig.
1270 3899 1312 3951 24.
1328 3899 1350 3938 1.
1363 3884 1407 3952 63.
1447 3885 1476 3940 lf

315 3967 364 4021 the
384 3967 527 4022 materials
547 3967 605 4020 had
625 3967 698 4020 been
719 3967 810 4021 stolen
832 3968 880 4021 the
900 3965 994 4021 action
1014 3967 1060 4036 lay
1079 3968 1191 4038 against
1210 3987 1228 4022 a
1244 3969 1321 4022 bona
1338 3967 1393 4022 fide
1406 3983 1471 4037 pos·

314 4065 411 4104 sessor
423 4050 455 4104 of
463 4051 512 4104 the
525 4050 614 4104 house
626 4065 665 4102 no
683 4049 738 4103 less
752 4049 821 4104 than
841 4049 952 4120 against
966 4051 1014 4106 the
1031 4051 1104 4106 thief
1114 4051 1142 4106 in
1162 4051 1325 4122 possession
1337 4051 1455 4106 himself
1465 4069 1471 4107 :

303 4123 373 4202 but,
393 4149 425 4188 as
444 4133 468 4188 is
487 4132 581 4188 stated
603 4131 631 4186 in
647 4131 695 4186 the
714 4141 781 4200 text,
801 4133 849 4188 the
868 4135 972 4188 former
989 4151 1046 4189 was
1065 4145 1123 4204 not,
1137 4135 1193 4190 like
1212 4137 1260 4190 the
1279 4137 1369 4205 latter,
1386 4135 1471 4191 liable

315 4216 376 4271 also
396 4227 427 4271 to
449 4218 497 4272 the
519 4215 594 4272 actio
618 4215 656 4270 ad
678 4215 868 4270 exhibendum
891 4217 946 4285 (for
965 4219 1056 4273 which
1080 4236 1128 4274 see
1151 4235 1187 4273 on
1209 4219 1259 4274 Blc
1274 4218 1308 4274 iv.
1322 4219 1346 4274 6.
1362 4233 1392 4286 3¹
1409 4217 1470 4286 inf.)

314 4300 406 4354 which
424 4299 548 4356 entailed
563 4299 733 4369 separation,
748 4299 805 4354 and
824 4299 986 4356 vindicatio.
1026 4303 1054 4356 If
1069 4303 1136 4372 they
1148 4321 1221 4358 were
1240 4313 1290 4358 not
1309 4303 1408 4370 stolen,
1422 4303 1471 4357 the

315 4382 382 4450 only
397 4385 514 4455 remedy
532 4384 670 4440 available
688 4383 785 4439 before
803 4385 964 4454 separation
982 4403 1039 4442 was
1058 4401 1095 4441 an
1108 4386 1183 4441 actio
1200 4386 1229 4440 in
1247 4387 1354 4442 factum
1367 4384 1470 4457 Dig.6.

252 4525 255 4530 .
317 4477 342 4518 ¹·
355 4479 396 4533 2³·
413 4479 437 4535 5·

352 4549 431 4616 930.
458 4551 520 4606 The
544 4549 697 4623 principles
721 4549 779 4607 laid
803 4549 886 4606 down
909 4549 938 4606 in
959 4551 1015 4607 this
1040 4551 1149 4608 section
1171 4563 1275 4610 cannot
1297 4553 1334 4609 be
1354 4551 1470 4624 applied
