3286 5144
282 445 344 518 342
486 427 838 491 Jrvsrrrvrrouvrr
855 424 974 484 tran!
993 423 1230 499 Qvnrrvon.
1311 423 1431 490 [nam.

282 601 385 668 secuti
410 608 494 676 sunt,
512 597 577 664 alia
599 597 685 664 civili
708 596 843 672 ratione,
861 594 893 659 id
917 601 968 657 est
991 587 1262 676 emancipatione,
1278 590 1431 673 perdunt.

235 714 268 770 12
283 707 412 770 Eadem
427 704 510 772 haec
526 703 742 769 observantur
757 711 791 766 et
807 700 840 764 in
861 719 900 763 ea
922 698 1083 762 bonorum
1099 695 1315 778 possessione,
1330 711 1432 777 quam

282 818 398 875 contra
423 807 553 872 tabulas
578 805 769 872 testamenti
796 802 941 887 parentis
965 801 1077 864 liberis
1098 798 1296 882 praeteritis,
1320 797 1354 861 id
1382 803 1433 864 est

282 933 389 995 neque
417 910 594 975 heredibus
631 907 789 973 institutis
827 925 934 989 neque
970 913 1007 970 ut
1043 911 1176 987 oportet
1212 899 1433 980 exheredatis,

282 1023 414 1098 praetor
429 1014 611 1097 pollicetur.
656 1032 734 1076 nam
750 1031 806 1075 eos
821 1009 965 1092 quidem,
980 1007 1035 1090 qui
1054 1007 1088 1071 in
1107 1013 1273 1089 potestate
1287 1004 1434 1087 parentis
1511 1086 1516 1096 ι
1629 1087 1630 1096 ¹

284 1119 399 1183 mortis
415 1127 565 1201 tempore
588 1115 729 1188 fuerunt,
746 1123 780 1179 et
802 1113 1026 1196 emancipatos
1040 1121 1137 1176 vocat
1152 1119 1285 1194 praetor
1299 1110 1342 1173 ad
1359 1127 1434 1173 eam

283 1222 446 1285 bonorum
474 1219 735 1303 possessionem:
774 1237 831 1282 eos
861 1236 949 1292 vero,
972 1215 1030 1298 qui
1060 1215 1093 1278 in
1124 1214 1282 1296 adoptiva
1310 1211 1436 1276 familia

284 1323 416 1388 fuerunt
434 1344 494 1406 per
515 1321 578 1388 hoc
600 1330 740 1404 tempus,
762 1340 829 1404 quo
852 1318 1010 1384 naturalis
1033 1337 1151 1400 parens
1173 1325 1362 1390 moreretur,
1384 1335 1434 1380 re·

285 1425 389 1510 pellit.
434 1428 515 1492 item
532 1425 706 1508 adoptivos
722 1423 843 1488 liberos
866 1422 1093 1505 emancipatos
1107 1422 1151 1485 ab
1166 1421 1324 1503 adoptivo
1340 1427 1435 1502 patre

286 1530 370 1594 sicut
392 1530 435 1593 ab
456 1529 622 1605 intestat0,
642 1527 689 1592 ita
706 1527 806 1611 longe
829 1527 938 1590 minus
960 1535 1076 1591 contra
1096 1524 1226 1588 tabulas
1242 1523 1436 1588 testamenti

287 1634 330 1697 ad
353 1633 441 1698 bona
467 1631 537 1696 eius
563 1631 720 1706 admittit,
747 1630 826 1713 quia
853 1629 1009 1694 desinunt
1038 1629 1071 1692 in
1097 1627 1275 1692 liberorum
1299 1645 1437 1690 numero

241 1745 274 1801 13
287 1757 368 1802 esse.
412 1735 628 1800 Admonendi
646 1743 758 1799 tamen
782 1753 895 1798 sumus
918 1754 984 1809 eos,
1005 1732 1060 1816 qui
1083 1732 1116 1796 in
1135 1731 1294 1814 adoptiva
1313 1729 1438 1794 familia

287 1850 364 1906 sunt
379 1841 476 1924 quive
492 1849 568 1923 post
591 1847 732 1904 mortem
755 1837 911 1903 naturalis
934 1835 1080 1920 parentis
1102 1836 1145 1900 ab
1167 1836 1325 1919 adoptivo
1343 1845 1438 1918 patre

288 1944 485 2026 emancipati
500 1943 627 2018 suerint,
644 1943 802 2007 intestato
820 1949 957 2025 parente
980 1940 1121 2005 naturali
1145 1949 1276 2004 mortuo
1297 1939 1376 2003 licet
1399 1957 1439 2001 ea

288 2055 384 2131 parte
407 2046 514 2122 edicti,
540 2066 606 2129 qua
632 2043 725 2109 liberi
748 2043 791 2108 ad
817 2045 980 2108 bonorum
1007 2043 1250 2128 possessionem
1268 2049 1439 2118 vocantur,

288 2171 355 2215 non
375 2151 602 2226 admittantur,
617 2148 682 2213 alia
702 2157 816 2212 tamen
839 2157 933 2231 parte
947 2147 1066 2223 vocari,
1089 2147 1123 2212 id
1147 2155 1198 2212 est
1219 2165 1286 2230 qua
1307 2143 1440 2228 cognati

288 2253 435 2320 defuncti
458 2261 625 2318 vocantur.
670 2271 714 2316 ex
741 2271 807 2334 qua
830 2260 925 2334 parte
952 2251 999 2315 ita
1025 2249 1254 2328 admittuntur,
1280 2249 1307 2313 si
1333 2268 1440 2330 neque

289 2357 339 2421 sui
361 2356 499 2421 heredes
521 2355 615 2420 liberi
638 2375 745 2438 neque
769 2355 966 2438 emancipati
990 2355 1125 2419 obstent
1148 2373 1254 2436 neque
1276 2353 1441 2435 adgnatus

289 2461 425 2546 quidem
441 2459 526 2524 ullus
541 2459 754 2524 interveniat:
778 2467 855 2524 ante
870 2459 959 2524 enim
977 2468 1108 2542 praetor
1124 2457 1244 2522 liberos
1258 2467 1357 2522 vocat
1370 2465 1441 2520 tam

290 2585 368 2630 suos
393 2563 531 2629 heredes
555 2583 656 2648 quam
682 2564 918 2648 emancipatos,
945 2563 1066 2628 deinde
1096 2561 1263 2646 legitimos
1292 2560 1443 2639 heredes,

244 2679 278 2733 14
292 2667 412 2732 deinde
428 2667 599 2750 proximos
615 2676 785 2750 cognatos.
831 2667 899 2732 Sed
916 2689 955 2732 ea
972 2668 1083 2732 omnia
1101 2665 1291 2751 antiquitati
1306 2663 1443 2748 quidem

292 2769 506 2855 placuerunt:
543 2769 689 2854 aliquam
726 2779 839 2834 autem
877 2771 1144 2836 emendationem
1174 2791 1195 2835 a
1225 2778 1336 2833 nostra
1365 2787 1444 2832 con·

293 2873 464 2940 stitutione
479 2884 685 2958 acceperunt,
701 2895 802 2958 quam
818 2895 917 2957 super
931 2875 982 2939 his
998 2875 1144 2959 personis
1162 2873 1341 2958 posuimus,
1358 2891 1444 2955 quae

294 2997 314 3044 a
337 2977 484 3062 patribus
508 2979 575 3042 suis
599 2977 803 3042 naturalibus
829 2977 863 3041 in
886 2979 1101 3062 adoptionem
1128 2977 1201 3042 aliis
1223 2979 1351 3042 dantur.
1396 2975 1444 3039 in-

293 3083 442 3147 venimus
461 3083 585 3147 etenim
607 3081 782 3147 nonnullos
802 3102 905 3162 casus,
920 3085 953 3146 in
968 3083 1088 3167 quibus
1111 3081 1169 3146 filii
1189 3089 1223 3146 et
1245 3079 1445 3146 naturalium

294 3193 471 3269 parentum
501 3186 741 3252 successionem
778 3195 915 3270 propter
937 3187 1153 3270 adoptionem
1182 3183 1381 3250 amittebant
1412 3193 1446 3248 et

295 3288 476 3372 adoptione
490 3289 585 3355 facile
600 3309 660 3373 per
674 3285 972 3374 emancipationem
992 3291 1102 3356 soluta
1117 3289 1161 3354 ad
1182 3287 1328 3354 neutrius
1343 3287 1447 3370 patris

295 3391 535 3458 successionem
559 3394 771 3460 vocabantur.
824 3394 887 3460 hoc
910 3395 1008 3459 solito
1031 3414 1121 3458 more
1147 3393 1346 3476 corrigentes
1369 3411 1447 3456 con-

295 3495 502 3561 stitutionem
523 3498 719 3581 scripsimus
736 3519 795 3582 per
814 3518 915 3582 quam
938 3497 1156 3573 definivimus,
1173 3496 1307 3582 quando
1329 3514 1448 3579 parens

295 3601 454 3667 naturalis
475 3601 578 3666 filium
601 3623 697 3669 suum
719 3605 948 3689 adoptandum
969 3603 1024 3668 alii
1040 3603 1178 3682 dederit,
1194 3603 1320 3686 integra
1335 3601 1449 3667 omnia

333 3868 348 3935 §
362 3869 407 3924 12.
428 3868 483 3924 See
497 3883 535 3922 on
549 3867 602 3922 Bk.
615 3866 644 3924 ii.
661 3881 699 3937 13.
713 3885 755 3939 pr.
768 3885 843 3940 supr.

333 3953 407 4019 §1³.
427 3953 484 4006 For
501 3952 549 4008 the
567 3950 657 4021 rights
676 3952 709 4006 of
723 3963 859 4022 cognatas
878 3969 926 4010 see
942 3951 999 4008 Tit.
1014 3964 1027 4022 5
1041 3953 1099 4008 and
1115 3961 1206 4022 notes,
1223 3948 1272 4008 inf.
1309 3951 1372 4006 The
1390 3949 1450 4006 rule

297 4035 365 4090 here
387 4034 481 4090 stated
501 4034 552 4090 did
575 4043 625 4090 not
647 4036 733 4106 apply
754 4052 825 4092 even
848 4036 945 4092 before
966 4034 1107 4106 Justinian
1130 4035 1154 4090 if
1172 4036 1220 4091 the
1243 4035 1325 4092 effect
1348 4034 1380 4088 of
1401 4035 1451 4090 the

298 4117 435 4190 adoption
449 4135 507 4174 was
522 4128 572 4174 not
589 4127 619 4174 to
636 4119 757 4174 transfer
773 4119 822 4175 the
838 4119 990 4190 adoptatus
1003 4129 1033 4174 to
1046 4136 1064 4174 a
1076 4137 1138 4176 new
1151 4119 1282 4189 cognatic
1298 4117 1405 4187 family,
1418 4133 1451 4173 as

299 4217 354 4272 eg.
369 4201 461 4257 where
480 4202 517 4256 he
535 4217 593 4256 was
614 4200 740 4272 adopted
761 4201 799 4272 by
817 4218 835 4257 a
853 4201 981 4272 patemal
1000 4201 1177 4258 ascendant:
1200 4203 1269 4256 here
1287 4202 1324 4256 he
1342 4199 1452 4256 ranked

196 4323 201 4332 .
299 4299 405 4354 among
417 4284 506 4354 liberi,
520 4283 587 4356 Dig.
599 4297 643 4354 37.
656 4299 682 4354 4.
696 4299 720 4354 3.
735 4297 750 4352 7
764 4284 822 4340 and
835 4286 851 4340 8
865 4305 873 4352 ;
891 4284 929 4341 ib.
943 4300 984 4340 21.
1002 4301 1023 4340 1.
1062 4286 1101 4341 So
1114 4295 1162 4340 too
1175 4285 1226 4340 ifa
1239 4283 1451 4355 paterfamilias,

300 4367 372 4423 alter
384 4367 595 4438 emancipating
607 4386 624 4424 a
637 4386 697 4438 son,
707 4385 780 4439 gave
790 4368 907 4424 himself
916 4369 944 4424 in
958 4369 1134 4440 adrogation‚
1145 4371 1257 4425 theson
1268 4368 1318 4423 did
1330 4377 1380 4422 not
1390 4369 1452 4424 lose

301 4449 345 4505 his
357 4450 431 4519 right
445 4451 477 4504 of
486 4451 656 4522 succeeding
670 4451 699 4507 in
712 4453 761 4508 the
775 4451 834 4508 first
849 4453 931 4524 class,
946 4452 1012 4523 Dig.
1026 4453 1079 4508 loc.
1092 4453 1139 4508 cit.
1153 4466 1216 4522 34
1629 4479 1630 4488 κ

336 4531 412 4601 514.
433 4533 496 4592 The
516 4535 571 4592 SC.
589 4535 754 4593 Afinianum
775 4535 833 4594 had
852 4535 973 4596 enacted
991 4537 1052 4593 that
1072 4535 1096 4592 if
1110 4553 1128 4594 a
1146 4535 1238 4592 father
1256 4549 1328 4606 gave
1346 4549 1402 4590 one
1423 4531 1457 4590 uf
1629 4499 1630 4560 ¹
