3274 5152
226 391 277 441 Tit.
289 387 340 454 re]
456 379 517 441 DE
541 381 846 440 TESTAMENTIS
869 383 1143 440 ORDINANDIS·
1310 393 1372 462 239

227 559 312 629 sunt,
327 549 457 634 utrique
472 559 574 616 testes
597 550 630 613 in
649 569 751 612 unum
770 557 1008 613 testamentum
1029 547 1098 613 fieri
1113 557 1271 632 possunt:
1294 549 1373 632 quia

225 653 306 716 nihil
321 665 419 718 nocet
433 675 477 718 ex
493 673 559 717 una
574 654 676 717 domo
698 652 807 734 plures
826 660 929 716 testes
944 652 1052 716 alieno
1067 654 1200 736 negotio
1215 652 1372 718 adhiberi.

227 755 268 820 In
290 759 431 822 testibus
452 767 566 823 autem
590 776 656 820 non
680 756 781 820 debet
803 775 875 820 esse
898 756 1008 837 quiin
1024 765 1190 838 potestate
1204 757 1402 820 testatoris9

227 870 287 926 est.
331 865 390 927 sed
405 864 433 926 si
449 861 691 926 filiusfamilias
711 861 755 924 de
774 859 930 924 castrensi
946 860 1075 942 peculio
1090 870 1166 942 post
1182 861 1371 925 missionem

225 963 324 1030 faciat
340 976 586 1044 testamentum,
608 985 667 1029 nec
690 975 786 1047 pater
807 964 877 1028 eius
900 966 988 1029 'recte
1009 965 1105 1029 testis
1120 965 1297 1029 adhibetur
1312 983 1372 1028 nec

225 1069 324 1152 isqui
345 1071 377 1133 in
401 1079 567 1152 potestate
590 1069 737 1132 eiusdem
760 1069 863 1150 patris
886 1077 957 1132 est:
982 1067 1193 1150 reprobatum
1215 1078 1265 1133 est
1285 1069 1372 1131 enim

223 1173 258 1236 in
274 1195 313 1238 ea
329 1194 364 1239 re
379 1174 599 1238 domesticum
620 1171 860 1236 testimonium.
907 1169 975 1235 Sed
994 1191 1102 1254 neque
1116 1171 1210 1237 heres
1231 1171 1372 1254 scriptus
1387 1174 1421 1230 10

225 1297 332 1360 neque
348 1279 375 1340 is
390 1279 446 1360 qui
465 1278 498 1339 in
519 1283 687 1359 potestate
707 1275 777 1337 eius
799 1283 850 1338 est
868 1293 975 1356 neque
997 1283 1093 1355 pater
1114 1275 1184 1338 eius
1199 1275 1255 1356 qui
1270 1273 1372 1339 habet

225 1401 302 1444 eum
318 1383 351 1444 in
366 1388 534 1464 potestate
550 1399 657 1461 neque
672 1377 789 1442 fratres
804 1377 861 1459 qui
877 1377 910 1440 in
926 1378 1073 1441 eiusdem
1089 1379 1191 1460 patris
1206 1387 1373 1460 potestate

224 1495 301 1550 sunt
316 1495 419 1550 testes
434 1485 584 1548 adhiberi
605 1492 754 1565 possunt,
776 1482 854 1564 quia
876 1490 984 1545 totum
1007 1481 1070 1545 hoc
1088 1483 1266 1565 negotium,
1282 1483 1372 1565 quod

223 1589 336 1670 agitur
353 1588 544 1653 testamenti
565 1585 740 1650 ordinandi
760 1585 875 1668 gratia,
899 1585 1041 1649 creditur
1061 1584 1162 1649 hodie
1180 1587 1266 1650 inter
1279 1585 1372 1650 here·

224 1691 302 1754 dem
316 1699 349 1754 et
365 1701 557 1756 testatorem
573 1689 636 1771 agi.
669 1688 746 1755 licet
761 1690 849 1751 enirn
864 1697 973 1751 totum
989 1688 1040 1750 ius
1055 1688 1123 1752 tale
1138 1689 1372 1753 conturbatum

223 1794 331 1860 suerat
346 1805 380 1860 et
394 1805 531 1872 veteres,
546 1794 603 1877 qui
618 1793 761 1857 familiae
776 1802 961 1873 emptorem
983 1801 1017 1855 et
1033 1813 1100 1867 eos,
1116 1794 1171 1874 qui
1187 1813 1246 1875 per
1260 1803 1372 1875 potes·

223 1909 330 1964 tatem
347 1901 376 1963 ei
392 1899 569 1964 coadunati
584 1897 723 1974 fuerant,
746 1896 1002 1960 testamentariis
1019 1897 1218 1961 testimoniis
1234 1897 1371 1979 repelle·

222 2001 315 2078 bant,
334 2003 447 2068 heredi
468 2011 502 2066 et
524 2000 584 2079 his,
606 2001 664 2084 qui
687 2000 853 2064 coniuncti
876 2000 906 2062 ei
929 2019 988 2082 per
1010 2008 1212 2081 potestatem
1235 2000 1371 2078 fuerant,

224 2106 451 2170 concedebant
469 2105 658 2170 testimonia
681 2105 714 2166 in
737 2104 945 2166 testamentis
968 2112 1142 2186 praestare,
1162 2102 1239 2166 licet
1254 2102 1298 2178 hi,
1314 2104 1370 2184 qui

224 2211 258 2273 id
275 2209 520 2292 permittebant,
536 2208 599 2272 hoc
615 2210 684 2272 iure
700 2207 835 2270 minime
848 2206 941 2270 abuti
957 2207 1078 2270 debere
1093 2226 1150 2271 eos
1166 2207 1370 2272 suadebant:

223 2321 336 2376 tamen
353 2333 413 2377 nos
430 2313 571 2376 eandem
587 2312 852 2376 observationem
875 2311 1075 2392 corrigentes
1091 2319 1134 2387 et,
1149 2311 1239 2392 quod
1254 2310 1297 2373 ab
1310 2309 1372 2375 illis

222 2435 358 2480 suasum
373 2425 434 2493 est,
451 2416 484 2478 in
500 2415 584 2498 legis
600 2415 829 2478 necessitatem
845 2412 1078 2478 transferentes
1093 2414 1137 2477 ad
1153 2414 1371 2476 imitationem

222 2520 351 2602 pristini
382 2519 525 2584 familiae
551 2520 709 2602 emptoris
739 2519 857 2582 merito
883 2536 943 2582 nec
970 2517 1091 2594 heredi,
1116 2517 1173 2600 qui
1195 2517 1371 2600 imaginem

222 2625 437 2688 vetustissimi
453 2623 597 2688 familiae
611 2623 768 2706 emptoris
790 2622 931 2706 optinet,
950 2641 1011 2686 nec
1026 2620 1098 2686 aliis
1113 2619 1271 2704 personis,
1287 2642 1373 2705 quae

222 2727 253 2790 ei
269 2737 306 2790 ut
324 2729 450 2792 dictum
477 2736 527 2792 est
550 2728 744 2791 coniunctae
766 2734 854 2801 sunt,
881 2726 1049 2790 licentiam
1077 2725 1288 2790 concedimus
1309 2724 1372 2790 sibi

223 2832 471 2912 quodammodo
500 2832 691 2896 testimonia
721 2839 909 2914 praestare:
949 2831 1090 2912 ideoque
1120 2849 1180 2893 nec
1211 2830 1372 2893 eiusmodi

221 2945 367 2999 veterem
382 2937 651 3000 constitutionem
674 2945 787 3000 nostro
806 2935 912 3000 codici
931 2935 1029 2999 inseri
1047 2933 1263 3016 permisimus.
1307 2933 1372 2997 Le·
1387 2932 1418 2987 ll

222 3041 358 3122 gatariis
373 3051 485 3106 autem
502 3050 535 3105 et
551 3039 870 3114 fideicommissariis,
886 3041 964 3123 quia
980 3057 1046 3103 non
1069 3038 1147 3103 iuris
1170 3057 1372 3102 successores

258 3247 313 3314 90.
332 3247 366 3300 ln
378 3247 427 3302 the
440 3246 635 3316 mancipatory
643 3246 716 3300 form
725 3245 758 3300 of
767 3245 822 3299 will
832 3261 870 3299 no
880 3243 993 3299 witness
1003 3242 1093 3312 might
1103 3244 1139 3300 be
1149 3243 1177 3300 in
1187 3246 1236 3300 the
1245 3255 1372 3315 potestas

221 3329 255 3384 of
269 3328 360 3384 either
377 3330 426 3384 the
444 3339 563 3384 testator
577 3345 609 3382 or
625 3327 749 3382 familiae
761 3337 881 3396 emptor,
895 3325 984 3381 Gaius
998 3326 1025 3380 ii.
1043 3338 1101 3394 105.
1137 3327 1200 3382 The
1213 3327 1373 3398 incapacity

221 3413 255 3468 of
263 3430 281 3468 a
293 3411 495 3482 paterfamilias
507 3429 540 3465 or
552 3427 608 3480 any
620 3427 674 3464 one
688 3409 716 3463 in
729 3409 773 3463 his
786 3425 881 3479 power
893 3419 923 3463 to
935 3407 1049 3463 witness
1062 3408 1106 3463 his
1119 3425 1182 3464 own
1195 3412 1270 3465 son’s
1280 3411 1334 3465 will
1343 3411 1377 3465 of

221 3507 366 3552 castrense
376 3493 525 3565 peculimn,
535 3493 643 3562 though
653 3492 781 3546 affirmed
793 3491 831 3560 by
840 3490 981 3561 Justinian
993 3492 1061 3546 here
1069 3492 1140 3547 after
1150 3492 1239 3548 Gaius
1250 3493 1289 3563 (ii.
1302 3493 1372 3562 106),

222 3579 246 3634 is
265 3578 369 3635 denied
387 3579 425 3648 by
439 3576 545 3648 Ulpian
560 3576 588 3630 in
603 3576 725 3646 Digna.
741 3589 762 3630 1.
777 3590 818 3630 ae
833 3589 849 3628 2
868 3591 906 3628 on
926 3575 975 3629 the
995 3573 1139 3644 authority
1160 3575 1193 3629 of
1210 3577 1372 3631 Marcellus.

222 3662 365 3731 Probably
377 3662 426 3716 the
444 3671 499 3716 two
517 3675 653 3730 passages
671 3659 759 3715 relate
777 3668 807 3714 to
826 3657 956 3714 different
968 3673 1069 3712 cases:
1089 3657 1138 3712 the
1150 3657 1234 3712 latter
1245 3667 1275 3712 to
1287 3675 1305 3712 a
1318 3659 1372 3714 will

221 3746 306 3801 made
319 3745 357 3815 by
369 3746 418 3800 the
431 3761 483 3800 son
496 3761 528 3799 as
541 3743 653 3812 soldier,
666 3743 728 3798 that
740 3741 837 3797 before
849 3759 883 3796 us
895 3751 925 3796 to
937 3757 993 3796 one
1006 3739 1090 3796 made
1102 3741 1175 3796 after
1187 3741 1343 3811 discharge

257 3829 273 3896 t
287 3832 333 3884 10.
352 3829 474 3898 Though
485 3827 524 3898 by
536 3827 614 3883 strict
624 3828 678 3882 law
690 3827 738 3882 the
747 3825 809 3882 heir
821 3826 877 3882 and
889 3841 1008 3896 persons
1018 3823 1177 3880 connected
1186 3824 1253 3880 with
1265 3823 1325 3880 him
1334 3825 1372 3895 by

221 3911 270 3968 the
289 3912 328 3968 tie
343 3913 376 3967 of
391 3921 517 3983 potestas
534 3910 592 3966 had
609 3920 659 3966 not
676 3910 749 3966 been
765 3909 957 3979 incompetent
974 3917 1004 3964 to
1016 3906 1130 3963 witness
1144 3907 1163 3976 (‘
1171 3917 1372 3964 testamentum

220 3994 305 4049 simul
323 3995 470 4065 obsignavi
489 4013 555 4050 curn
569 3993 669 4050 Clodio
683 4035 690 4049 .
702 4035 709 4048 .
723 4003 751 4048 et
772 3992 849 4048 illum
867 3992 1002 4048 heredem
1020 4001 1048 4047 et
1069 4008 1115 4046 me
1134 3990 1300 4062 scripserat’
1313 3991 1371 4048 Cic.

221 4093 273 4147 pro
294 4077 401 4134 Milone
421 4079 472 4134 18:
493 4079 528 4134 cf.
549 4079 656 4133 Poste's
676 4075 765 4132 Gaius
784 4093 811 4146 p.
828 4076 900 4146 219),
919 4074 940 4130 it
959 4093 1016 4131 was
1034 4074 1155 4130 deemed
1173 4074 1316 4145 improper
1329 4075 1373 4128 for

221 4161 299 4218 thern
315 4171 345 4216 to
362 4161 400 4216 do
418 4179 451 4218 so
464 4161 565 4232 (Gaius
578 4161 606 4217 ii.
622 4160 691 4230 108),
705 4160 763 4216 and
777 4159 884 4230 Ulpian
897 4160 1041 4230 expressly
1053 4159 1159 4214 affirms
1177 4158 1251 4214 their
1265 4158 1373 4214 incom-

221 4255 340 4314 petence
351 4244 380 4300 in
391 4245 457 4316 Dig.
466 4247 509 4302 28.
521 4261 543 4301 r.
552 4259 595 4300 ao,
602 4261 644 4315 pr.
677 4246 703 4300 lt
716 4243 740 4300 is
752 4243 934 4314 conjectured
943 4243 1004 4298 that
1017 4242 1073 4298 this
1086 4243 1140 4298 last
1152 4257 1274 4313 passage
1283 4241 1373 4298 either

221 4325 246 4382 is
259 4345 296 4382 an
309 4328 516 4400 interpolation,
529 4345 562 4383 or
573 4329 677 4384 relates
690 4329 756 4397 only
769 4337 799 4384 to
812 4325 973 4398 praetorian
987 4325 1065 4393 wills,
1078 4341 1110 4380 as
1122 4324 1263 4396 Justinian
1277 4323 1306 4379 in
1315 4323 1372 4380 this

219 4411 330 4466 section
349 4413 452 4484 speaks
470 4429 503 4468 as
521 4411 545 4466 if
559 4413 596 4468 he
616 4411 674 4467 had
690 4409 775 4468 made
790 4429 808 4468 a
824 4411 965 4482 complete
980 4409 1091 4480 change
1108 4407 1137 4464 in
1156 4407 1306 4479 excluding
1323 4409 1372 4465 tlte

220 4493 375 4568 testimony
386 4495 420 4552 of
427 4495 508 4552 there
519 4511 645 4568 persons

256 4822 530 5078 'h
