3310 5218
273 429 337 504 232
475 421 826 482 INSTITUTIONUM
843 420 963 479 LIBRI
981 421 1216 496 QUATTUOR.
1312 425 1375 492 [Lib.
1388 429 1421 480 11.
1538 505 1541 510 Ι

272 585 399 651 alienus
428 605 558 650 servus:
596 585 685 669 quod
717 585 805 650 enim
835 583 959 669 placuit
989 585 1032 650 de
1061 584 1307 666 usufructuario,
1332 586 1421 651 idem

273 689 384 772 placet
399 697 433 754 et
449 691 492 754 de
506 689 616 754 bonae
634 689 712 754 fidei
735 709 933 772 possessore.
978 688 1092 771 itaque
1114 687 1204 772 quod
1225 699 1321 753 extra
1338 690 1422 754 duas

274 793 354 856 istas
372 812 488 858 causas
504 793 695 875 adquiritur,
714 791 748 856 id
771 792 824 856 vel
846 793 890 856 ad
913 792 1021 874 ipsum
1044 793 1197 874 pertinet,
1217 793 1245 856 si
1264 792 1347 856 liber
1362 801 1423 871 est,

273 895 327 960 vel
342 897 385 960 ad
400 897 581 975 dominum,
596 896 624 960 si
639 916 751 960 servus
767 905 826 960 est
870 896 929 959 sed
944 895 1054 960 bonae
1068 895 1147 962 fidei
1163 916 1332 978 possessor
1346 916 1421 962 cum

274 1001 460 1084 usuceperit
470 1019 609 1080 servum,
624 1001 702 1084 quia
717 1021 757 1064 eo
773 1000 873 1064 modo
889 1000 1044 1064 dominus
1060 999 1106 1078 fit,
1123 1020 1167 1064 ex
1182 1000 1337 1063 omnibus
1346 1019 1423 1065 cau-

273 1103 319 1168 sis
333 1123 392 1186 per
413 1124 489 1168 eum
510 1104 572 1168 sibi
589 1104 762 1187 adquirere
784 1111 913 1186 potest:
942 1102 1137 1167 fructuarius
1151 1123 1229 1168 vero
1244 1122 1423 1185 usucapere

274 1225 342 1272 non
362 1215 483 1290 potest,
501 1207 644 1290 primum
667 1208 745 1290 quia
767 1227 833 1270 non
856 1207 1012 1288 possidet,
1034 1207 1093 1270 sed
1115 1206 1218 1272 habet
1241 1207 1291 1271 ius
1308 1207 1423 1270 utendi

273 1310 412 1389 fruendi,
436 1310 557 1374 deinde
579 1311 657 1392 quia
679 1310 741 1374 scit
762 1329 892 1374 servum
914 1308 1059 1374 alienum
1086 1330 1166 1375 esse.
1223 1329 1290 1374 non
1315 1309 1423 1374 solum

274 1424 388 1479 autem
414 1415 599 1498 proprietas
628 1435 688 1498 per
711 1434 769 1478 eos
794 1433 914 1488 servos,
945 1413 979 1476 in
1010 1415 1129 1496 quibus
1158 1431 1255 1478 usum
1281 1413 1422 1478 fructum

273 1517 405 1582 habetis
415 1517 467 1582 vel
477 1539 561 1602 quos
571 1519 660 1582 bona
675 1517 741 1591 fide
751 1517 937 1600 possidetis,
951 1515 1004 1581 vel
1019 1538 1079 1600 per
1088 1518 1225 1582 liberam
1238 1537 1423 1601 personam,

274 1639 362 1702 quae
378 1621 467 1686 bona
484 1621 551 1685 fide
572 1622 666 1686 vobis
688 1622 796 1701 servit,
819 1621 1002 1704 adquiritur
1022 1621 1124 1700 vobis,
1147 1622 1206 1685 sed
1226 1622 1327 1686 etiam
1345 1642 1422 1704 pos·

273 1724 397 1788 sessio:
436 1724 603 1807 loquimur
640 1735 753 1789 autem
792 1725 826 1788 in
864 1723 1033 1808 utriusque
1073 1744 1213 1808 persona
1242 1727 1423 1790 secundum

273 1826 511 1904 definitionem,
542 1848 644 1910 quam
674 1829 828 1912 proxime
857 1829 1083 1912 exposuimus,
1121 1829 1155 1892 id
1193 1838 1244 1894 est
1269 1829 1297 1893 si
1322 1849 1423 1912 quam

273 1932 516 2012 possessionem
532 1953 576 1995 ex
591 1951 626 1995 re
639 1941 749 1996 vestra
767 1930 822 1996 vel
845 1952 890 1995 ex
912 1931 1067 2013 operibus
1082 1931 1149 1994 suis
1165 1931 1278 2014 adepti
1293 1930 1423 1996 suerint.

244 2033 333 2096 sEx
350 2033 402 2098 his
424 2035 537 2117 itaque
559 2043 699 2118 apparet
721 2055 781 2117 per
802 2034 923 2098 liberos
945 2034 1106 2112 homines,
1130 2056 1214 2118 quos
1236 2055 1344 2118 neque
1363 2035 1423 2098 iuri

273 2148 384 2203 vestro
400 2139 566 2203 subiectos
584 2139 714 2203 habetis
733 2159 841 2221 neque
863 2139 951 2202 bona
974 2138 1040 2203 fide
1063 2140 1247 2222 possidetis,
1263 2141 1344 2204 item
1365 2160 1425 2223 per

273 2240 400 2306 alienos
415 2262 535 2319 servos,
557 2243 590 2308 in
611 2243 730 2326 quibus
749 2263 857 2326 neque
879 2263 976 2306 usum
999 2242 1141 2307 smctum
1163 2243 1294 2309 habetis
1317 2264 1424 2327 neque

273 2344 396 2410 iustam
411 2347 663 2429 possessionem,
685 2345 776 2410 nulla
798 2367 843 2410 ex
865 2367 962 2411 causa
985 2348 1080 2412 vobis
1094 2348 1221 2430 adquiri
1237 2368 1345 2430 posse·
1390 2357 1424 2413 et

273 2448 338 2513 hoc
361 2459 420 2528 est,
444 2451 533 2532 quod
557 2451 678 2515 dicitur
698 2470 759 2534 per
780 2459 976 2514 extraneam
999 2471 1174 2533 personam
1194 2449 1275 2516 nihil
1295 2451 1424 2533 adquiri

273 2570 393 2636 posse:
424 2563 566 2636 excepto
587 2574 637 2634 eo,
666 2553 757 2638 quod
786 2575 846 2637 per
870 2553 1008 2618 liberam
1035 2574 1210 2638 personam
1237 2555 1339 2619 veluti
1366 2575 1425 2638 per

272 2667 520 2740 procuratorem
545 2658 655 2742 placet
679 2679 746 2724 non
772 2659 879 2722 solum
907 2660 1095 2736 scientibus,
1120 2659 1304 2724 sedetiam
1331 2661 1423 2743 igno-

273 2761 423 2826 rantibus
446 2762 541 2826 vobis
569 2763 698 2846 adquiri
728 2763 972 2845 possessionem
1002 2765 1182 2828 secundum
1213 2765 1279 2828 divi
1311 2763 1424 2830 Severi

274 2865 543 2929 constitutionem
560 2874 594 2930 et
614 2885 674 2948 per
695 2865 780 2929 hanc
802 2865 1045 2948 possessionem
1068 2868 1169 2930 etiam
1189 2867 1382 2947 dominium,
1397 2868 1424 2932 si

274 2967 429 3032 dominus
443 2967 505 3032 luit
519 2969 578 3052 qui
591 2969 737 3042 tradidit,
758 2969 811 3033 vel
832 2970 1067 3052 usucapionem
1085 2980 1144 3036 aut
1159 2971 1250 3054 longi
1265 2973 1425 3056 temporis

273 3072 576 3156 praescriptionem,
591 3071 618 3136 si
634 3073 787 3137 dominus
803 3074 936 3137 nonsit.

273 3292 398 3346 possess,
410 3277 454 3331 lor
471 3277 520 3332 the
538 3277 622 3332 latter
639 3291 829 3347 presupposes
845 3291 863 3331 a
878 3274 1023 3330 condition
1037 3274 1065 3330 in
1078 3275 1170 3331 which
1182 3277 1241 3332 free
1253 3277 1363 3333 actions
1376 3295 1424 3334 are

274 3359 408 3430 possible,
423 3359 556 3430 Savigny,
571 3361 650 3415 Poss.
666 3361 681 3428 ὁ
695 3373 720 3429 9.

312 3443 347 3497 In
360 3443 449 3498 Gaius
467 3442 506 3512 (ii.
519 3443 565 3513 94)
584 3442 605 3499 it
624 3443 649 3498 is
667 3442 762 3498 stated
779 3458 811 3497 as
830 3459 849 3497 a
868 3441 998 3513 question
1019 3443 1146 3498 whether
1166 3460 1221 3499 one
1236 3459 1289 3498 can
1311 3443 1425 3514 acquire

274 3526 439 3597 possession
451 3527 573 3596 through
586 3543 604 3582 a
616 3527 694 3582 slave
707 3526 736 3581 in
748 3525 842 3580 whom
854 3543 909 3580 one
922 3527 974 3580 has
987 3543 1005 3581 a
1016 3527 1161 3594 usufruct3
1180 3527 1231 3582 but
1244 3527 1265 3582 it
1278 3527 1336 3582 had
1351 3527 1424 3583 been

273 3611 378 3666 settled
396 3609 425 3665 in
444 3611 493 3665 the
511 3610 678 3666 affirmative
696 3610 798 3680 hythe
816 3609 885 3665 time
904 3610 938 3664 os
953 3609 1100 3680 Papn'niam
1113 3627 1150 3665 on
1168 3612 1217 3666 the
1235 3609 1345 3681 ground
1363 3611 1425 3668 that

274 3694 384 3763 though
402 3709 457 3748 one
472 3693 542 3749 does
557 3705 607 3750 not
624 3709 740 3764 possess
757 3691 826 3760 him,
838 3709 894 3748 one
909 3693 978 3748 does
997 3703 1047 3748 not
1064 3710 1179 3764 possess
1194 3711 1213 3750 a
1229 3693 1425 3750 filiusfamilias

274 3777 373 3846 either,
393 3778 497 3832 Paulus
517 3777 547 3832 in
569 3776 636 3848 Dig.
648 3791 691 3844 41.
706 3792 732 3831 2.
748 3791 771 3831 1.
783 3777 820 3831 8:
842 3775 1024 3846 presumably
1044 3777 1094 3832 the
1113 3777 1201 3833 doubt
1221 3777 1374 3847 expressed
1395 3777 1424 3832 in

274 3859 365 3915 Gaius
378 3859 406 3914 ii.
419 3874 455 3930 90
466 3877 524 3914 was
536 3859 640 3916 settled
652 3858 681 3914 in
694 3860 742 3914 the
755 3875 835 3914 same
847 3875 973 3914 manner.
1000 3859 1056 3914 But
1068 3860 1117 3915 the
1129 3860 1216 3916 limits
1227 3859 1322 3914 within
1332 3859 1424 3915 which

274 3943 312 3998 he
330 3941 415 3998 could
433 3941 548 4014 acquire
568 3942 732 4014 possession
749 3941 793 3996 lor
811 3943 859 3998 the
880 3957 984 4012 person
997 3942 1060 3996 who
1081 3943 1140 3998 had
1161 3944 1210 4000 the
1231 3945 1356 3998 usufruct
1376 3960 1425 4000 are

274 4026 358 4096 fixed,
370 4026 509 4098 precisely
527 4043 559 4081 as
577 4027 646 4096 they
663 4043 712 4082 are
730 4026 807 4094 here,
819 4026 858 4094 by
871 4023 1010 4095 Papinian
1027 4023 1056 4081 in
1067 4025 1134 4095 Dig.
1146 4041 1188 4094 41.
1203 4041 1226 4081 2.
1240 4041 1283 4096 49
1297 4043 1347 4097 pr,
1361 4027 1424 4082 who

273 4110 403 4181 explains
416 4109 513 4165 Gaius’
525 4109 661 4178 difficulty
673 4109 712 4181 by
723 4108 885 4178 remarking
898 4110 959 4164 that
978 4109 1027 4164 the
1045 4109 1241 4179 usufructuary
1253 4120 1282 4166 at
1295 4127 1352 4179 any
1364 4121 1425 4167 rate

274 4195 328 4250 has
340 4193 486 4250 detention
499 4193 532 4248 ol
540 4194 589 4248 the
603 4193 690 4260 slave,
702 4191 760 4248 and
773 4191 918 4248 detention
932 4191 1071 4247 ‘horrows
1083 4195 1168 4248 much
1181 4193 1254 4247 from
1267 4193 1315 4260 the
1328 4193 1398 4248 law.²

310 4279 325 4346 t
339 4281 368 4335 h.
386 4279 413 4332 A
425 4293 528 4348 person
541 4277 605 4331 who
617 4293 675 4332 was
693 4287 743 4332 not
762 4275 791 4331 in
810 4293 862 4331 our
879 4285 1015 4347 potestas,
1028 4293 1137 4347 manus,
1151 4293 1183 4331 or
1195 4276 1377 4347 mancipium,
1390 4294 1423 4332 or

273 4361 428 4416 bonafide
449 4360 602 4431 possessed
623 4361 670 4430 by,
692 4377 725 4416 or
745 4377 764 4415 a
785 4360 862 4415 slave
881 4359 910 4414 in
929 4360 1055 4416 usufruct
1076 4369 1115 4430 to,
1137 4378 1179 4423 us.
1200 4377 1257 4415 was
1276 4360 1368 4415 called
1386 4377 1423 4416 an

274 4453 409 4500 extranea
420 4459 562 4514 persona:
581 4444 639 4501 and
657 4445 706 4500 the
722 4443 823 4500 earlier
841 4445 954 4498 Roman
974 4443 1035 4512 law,
1055 4443 1149 4499 sofar
1167 4444 1240 4498 from
1258 4443 1389 4512 allowing
1407 4459 1425 4500 a

275 4541 343 4586 man
359 4536 390 4582 to
405 4527 519 4600 acquire
531 4527 691 4602 ownership
703 4527 826 4598 through
844 4527 915 4585 such
933 4543 971 4586 an
989 4526 1116 4584 outsider
1133 4536 1163 4586 to
1181 4526 1250 4600 him,
1263 4526 1356 4586 would
1374 4535 1425 4604 not
