3286 5144
253 412 318 492 406
456 419 605 476 INSTIT
607 418 661 475 UT
660 417 807 474 IONUM
821 415 940 471 LIBRI
959 414 1195 488 QUATTUOR.
1284 413 1349 480 [Lib.
1359 417 1406 467 111.

209 588 242 643 16
257 583 364 663 rieris,’
385 593 418 650 et
440 585 530 669 apud
552 591 680 649 veteres
703 582 791 647 utilis
814 589 885 646 erat
908 589 942 645 et
968 601 1053 646 nunc
1075 579 1173 644 valet.
1219 579 1307 642 Item
1329 585 1407 660 post

210 695 242 748 17
258 699 398 753 mortem
428 688 560 752 alterius
597 696 686 752 recte
721 685 925 768 stipulamur.
986 683 1023 748 Si
1054 685 1212 768 scriptum
1242 681 1340 746 luerit
1373 681 1407 744 in

257 795 475 858 instrumento
505 792 695 874 promisisse
725 789 880 872 aliquem,
912 789 1048 871 perinde
1078 787 1227 866 habetur,
1257 797 1357 869 atque
1380 784 1405 848 si

210 905 244 959 18
258 897 514 979 interrogatione
537 895 756 977 praecedente
783 912 976 976 responsum
1002 894 1053 956 sit.
1110 891 1273 974 Quotiens
1297 889 1408 972 plures

258 1021 310 1066 res
337 1021 404 1064 una
426 1000 638 1082 stipulatione
665 998 995 1081 comprehenduntur,
1018 997 1046 1061 si
1072 997 1207 1079 quidem
1230 995 1410 1078 promissor

258 1105 450 1187 simpliciter
465 1104 664 1186 respondeat
680 1103 776 1166 ‘dare
791 1098 960 1185 spondeo‚'
975 1110 1110 1185 propter
1125 1120 1241 1164 omnes
1259 1108 1408 1162 tenetur:

259 1209 285 1273 si
310 1229 388 1273 vero
411 1228 510 1272 unam
535 1229 579 1271 ex
604 1207 655 1270 his
679 1206 731 1270 vel
755 1207 917 1289 quasdam
942 1207 1097 1270 daturum
1125 1225 1161 1268 se
1185 1203 1410 1286 spoponderit,

176 1360 179 1366 ,
259 1313 420 1396 obligatio
451 1314 483 1376 in
513 1312 565 1376 his
595 1331 655 1394 pro
686 1310 806 1392 quibus
841 1309 1057 1392 spoponderit
1093 1309 1304 1374 contrahitur.
1334 1331 1338 1339 ·
1365 1328 1410 1372 ex

259 1417 407 1501 pluribus
426 1417 514 1480 enim
535 1413 801 1498 stipulationibus
822 1435 888 1477 una
907 1413 960 1477 vel
984 1415 1149 1497 quaedam
1167 1415 1321 1477 videntur
1339 1432 1410 1477 esse

261 1520 444 1603 perlectae:
476 1519 622 1601 singulas
652 1518 740 1582 enim
771 1537 822 1580 res
859 1516 1009 1599 stipulari
1045 1527 1078 1582 et
1108 1519 1151 1582 ad
1184 1515 1331 1599 singulas
1360 1536 1410 1578 re-

214 1625 424 1707 respondere
450 1623 620 1687 debemus.
675 1619 784 1684 Alteri
815 1619 972 1701 stipulari,
1003 1629 1040 1684 ut
1070 1640 1170 1702 supra
1200 1621 1325 1683 dictum
1353 1627 1411 1696 est,

261 1749 360 1792 nemo
383 1736 512 1809 potest:
535 1727 687 1789 inventae
711 1733 788 1787 sunt
811 1723 899 1786 enim
920 1722 1108 1788 huiusmodi
1130 1723 1348 1808 obligationes
1368 1721 1411 1784 ad

262 1832 333 1908 hoc,
349 1839 385 1894 ut
401 1829 624 1912 unusquisque
639 1827 701 1891 sibi
722 1827 874 1910 adquirat
895 1826 984 1908 quod
1007 1848 1065 1892 sua
1087 1827 1242 1892 interest:
1266 1837 1411 1892 ceterum

263 1937 291 2000 si
317 1934 372 1998 alii
399 1935 504 2008 detur,
532 1931 612 1996 nihil
638 1933 775 1995 interest
801 1928 1013 2013 stipulatoris.
1059 1931 1158 2014 plane
1184 1934 1211 1995 si
1236 1933 1309 2014 quis
1333 1929 1413 1994 velit

262 2040 325 2104 hoc
356 2039 471 2117 iacere,
497 2057 640 2121 poenam
667 2035 815 2118 stipulari
846 2037 1028 2114 conveniet,
1053 2045 1100 2112 ut,
1126 2037 1187 2100 nisi
1214 2037 1261 2102 ita
1288 2035 1413 2101 sactum

263 2145 316 2219 sit,
344 2153 381 2207 ut
407 2141 682 2225 comprehensum
712 2147 808 2218 esset,
837 2140 1064 2204 committetur
1087 2161 1214 2224 poenae
1244 2139 1414 2224 stipulatio

265 2249 367 2312 etiam
391 2245 421 2309 ei
447 2245 538 2310 cuius
561 2243 641 2308 nihil
665 2245 820 2307 interest:
853 2263 993 2326 poenam
1018 2243 1105 2307 enim
1132 2265 1207 2308 cum
1238 2244 1415 2326 stipulatur

265 2352 347 2433 quis,
379 2369 446 2413 non
476 2348 558 2412 illud
588 2347 766 2430 inspicitur,
797 2347 877 2429 quid
908 2348 1035 2412 intersit
1065 2349 1144 2427 eius,
1168 2349 1227 2413 sed
1259 2369 1346 2430 quae
1372 2349 1415 2412 sit

264 2454 433 2537 quantitas
453 2453 487 2516 in
505 2452 697 2516 condicione
721 2451 952 2533 stipulationis
996 2472 1075 2534 ergo
1098 2452 1217 2535 siquis
1241 2452 1416 2536 stipuletur

265 2559 356 2624 Titio
374 2557 454 2633 dari,
477 2555 557 2620 nihil
577 2556 656 2639 agit,
675 2556 734 2619 sed
757 2555 784 2618 si
807 2555 973 2619 addiderit
994 2555 1036 2620 de
1057 2576 1163 2638 poena
1180 2558 1260 2621 ‘nisi
1278 2557 1415 2634 dederis,

217 2684 253 2738 20
266 2671 317 2728 tot
337 2681 455 2726 aureos
473 2661 552 2725 dare
567 2655 752 2742 spondes?'
775 2669 853 2724 tunc
875 2659 1093 2724 committitur
1113 2661 1290 2746 stipulatio.
1347 2661 1416 2727 Sed

266 2777 300 2832 et
322 2767 349 2831 si
373 2767 446 2847 quis
470 2765 646 2848 stipuletur
664 2763 729 2838 alii,
754 2783 829 2828 cunt
857 2764 925 2828 eius
951 2764 1132 2840 interesset,
1158 2766 1283 2848 placuit
1309 2767 1413 2847 stipu-

267 2870 425 2936 lationem
443 2867 563 2932 valere.
608 2888 686 2932 nam
709 2868 736 2930 si
757 2868 793 2946 is,
811 2868 868 2950 qui
889 2868 1004 2951 pupilli
1027 2869 1166 2934 tutelam
1189 2870 1418 2934 administrare

268 2982 431 3057 coeperat,
448 2972 546 3038 cessit
562 2971 846 3035 administratione
862 2973 1027 3035 contutori
1048 2993 1108 3036 suo
1124 2983 1157 3037 et
1176 2973 1351 3055 stipulatus
1367 2982 1418 3037 est

268 3100 337 3144 rem
364 3077 480 3162 pupilli
508 3073 633 3141 salvam
664 3075 742 3153 lore,
772 3075 928 3157 quoniam
955 3076 1091 3141 interest
1118 3077 1321 3161 stipulatoris
1349 3075 1417 3142 fieri

268 3185 358 3265 quod
385 3179 562 3266 stipulatus
587 3189 646 3258 est,
670 3199 746 3243 cunt
771 3177 937 3261 obligatus
963 3180 1091 3245 futurus
1113 3191 1200 3246 esset
1226 3181 1361 3266 pupillo,
1389 3181 1418 3244 si

269 3285 356 3351 male
380 3307 431 3350 res
456 3283 603 3368 gesserit,
630 3292 724 3348 tenet
752 3283 923 3366 obligatio.
971 3305 1050 3367 ergo
1076 3295 1110 3349 et
1140 3287 1167 3351 si
1197 3287 1271 3368 quis
1301 3307 1417 3369 procu-

271 3536 303 3591 οἱ
312 3536 359 3591 tbe
372 3534 645 3590 unreasonableness
658 3534 691 3588 of
700 3533 748 3589 the
761 3532 934 3604 distinction,
945 3533 977 3588 os
983 3533 1074 3589 which
1087 3535 1124 3591 he
1137 3553 1203 3605 says
1214 3537 1283 3591 ‘non
1296 3535 1420 3607 pretiosa

270 3619 379 3676 ratione
391 3629 536 3689 receptum
550 3618 675 3673 videtur'
687 3617 715 3673 ii.
728 3632 788 3686 232.

305 3705 320 3772 §
334 3705 379 3758 16.
397 3705 424 3757 A
437 3702 600 3772 stipulation
613 3702 656 3756 for
668 3701 863 3771 performance
876 3701 948 3756 atter
959 3701 1009 3757 the
1021 3702 1108 3758 death
1121 3704 1154 3758 os
1162 3719 1180 3759 a
1192 3703 1268 3759 third
1280 3720 1383 3773 person
1397 3703 1421 3759 is

270 3787 377 3856 merely
388 3803 423 3841 ex
436 3785 490 3854 die,
503 3786 547 3839 sor
559 3783 651 3840 which
664 3801 713 3839 see
726 3801 763 3838 on
776 3784 833 3840 Tit.
849 3797 888 3854 15.
903 3801 919 3840 2
933 3801 1007 3856 supr.

307 3873 321 3940 §
336 3873 380 3927 17.
398 3869 469 3924 This
487 3869 547 3924 rule
566 3867 590 3923 is
609 3867 695 3923 taken
707 3866 780 3922 from
795 3869 907 3938 Paulus,
921 3879 991 3924 sent.
1005 3886 1059 3924 rec.
1076 3881 1099 3939 ς.
1113 3883 1138 3937 7.
1152 3885 1187 3926 2:
1206 3887 1239 3925 so
1252 3879 1301 3925 too
1314 3869 1422 3941 Ulpian

271 3971 336 4024 says
350 3951 443 4024 ‘quod
456 3952 514 4007 fere
531 3949 687 4006 novissima
702 3961 782 4021 parte
799 3961 946 4021 pactorum
960 3951 999 4007 ita
1015 3952 1108 4022 inseri,
1122 3953 1230 4023 rogavit
1244 3953 1344 4022 Titius,
1358 3970 1423 4024 spo·

270 4036 370 4110 pondit
391 4034 529 4104 Maevius,
542 4036 614 4090 haec
627 4035 714 4088 verba
732 4051 790 4089 non
803 4044 913 4090 tanturn
932 4035 1073 4106 pactionis
1091 4038 1154 4093 loco
1173 4037 1357 4108 accipiuntur,
1372 4037 1423 4093 sed

271 4121 357 4178 etiam
376 4118 583 4190 stipulationis:
603 4116 724 4188 ideoque
743 4135 778 4173 ex
796 4117 931 4188 stipulatu
948 4119 1073 4174 nascitur
1085 4120 1169 4189 actio,
1183 4121 1236 4176 nisi
1251 4121 1423 4176 contrarium

271 4203 431 4275 specialiter
443 4201 623 4273 adprobetur,
637 4200 714 4271 quod
732 4217 789 4255 non
803 4201 899 4256 animo
912 4201 1107 4272 stipulantium
1120 4204 1175 4259 hoc
1187 4203 1294 4258 sactum
1307 4215 1358 4272 est,
1372 4205 1424 4260 sed

271 4299 382 4343 tantum
401 4284 621 4357 paciscentium’
637 4283 702 4355 Dig.
718 4299 742 4341 2.
760 4298 799 4352 14.
812 4297 837 4352 7.
851 4299 875 4340 2.
914 4287 971 4341 For
989 4287 1037 4342 the
1056 4287 1175 4358 bearing
1193 4287 1226 4343 oi
1236 4289 1249 4356 ξ
1268 4302 1298 4342 12
1313 4304 1350 4342 ou
1367 4287 1424 4344 this

271 4387 319 4425 see
333 4387 359 4440 p.
374 4371 435 4438 389.

308 4455 322 4520 §
336 4455 380 4506 10.
402 4453 457 4508 See
469 4469 506 4508 on
521 4449 535 4523 ξ
549 4466 567 4518 4
580 4468 654 4522 supr.

308 4538 322 4604 t
337 4537 387 4590 20.
408 4535 462 4594 See
475 4537 524 4594 the
542 4545 609 4593 note
621 4537 675 4592 last
688 4535 812 4594 referred
824 4545 853 4592 to
865 4555 871 4593 :
891 4535 949 4593 and
961 4535 1004 4592 for
1016 4538 1064 4595 the
1077 4537 1195 4609 liability
1209 4538 1243 4594 of
1250 4547 1326 4596 tutor
1337 4539 1425 4596 hono-
