3268 5142
196 353 310 426 T;r.18.]
529 351 590 410 DE
610 352 803 408 PUBLICIS
824 352 1011 412 IUDICHS.
1279 345 1343 430 605

195 515 378 580 necessaria
395 515 438 582 sit
458 516 667 581 adiudicati0.
705 537 792 599 quae
810 538 890 582 sane
905 539 970 582 uno
992 538 1068 582 casu
1085 517 1266 584 necessaria
1282 530 1342 594 est,

195 622 222 684 si
247 620 506 684 evidentioribus
522 620 641 685 finibus
656 621 814 702 distingui
835 642 933 704 agros
954 623 1159 686 commodius
1175 625 1226 701 sit,
1241 643 1343 704 quam

195 723 274 788 olim
290 723 427 788 fuissent
443 725 608 788 distincti:
632 745 709 787 nam
729 735 806 788 tunc
827 745 960 789 necesse
981 733 1094 789 estex
1114 727 1248 812 alterius
1263 747 1344 808 agro

195 838 325 908 partem
350 829 497 910 aliquam
519 827 654 892 alterius
678 829 748 912 agri
774 829 909 892 domiuo
933 829 1120 893 adiudicari.
1173 850 1239 913 quo
1265 849 1344 898 casu

195 933 393 996 conveniens
412 942 470 1007 est,
494 941 530 996 ut
551 933 579 995 is
598 931 693 996 alteri
717 943 807 996 certa
827 917 966 1015 pecunia
985 933 1105 996 debeat
1121 935 1343 998 condemnari.

196 1056 235 1100 co
255 1056 389 1118 quoque
410 1036 544 1100 nomine
564 1036 773 1100 damnandus
798 1046 848 1100 est
869 1037 1007 1118 quisque
1027 1035 1089 1100 hoc
1110 1037 1240 1114 iudicio,
1255 1038 1345 1120 quod

195 1139 279 1204 sorte
294 1141 379 1206 circa
401 1140 483 1204 fines
506 1140 670 1204 malitiose
692 1140 818 1222 aliquid
841 1141 1015 1218 commisit,
1035 1139 1126 1204 verbi
1145 1141 1251 1223 gratia
1268 1141 1347 1222 quia

195 1243 324 1326 lapides
348 1243 463 1308 finales
484 1243 610 1308 iuratus
636 1253 687 1308 est
710 1254 768 1310 aut
794 1245 927 1308 arbores
954 1244 1069 1308 finales
1095 1246 1224 1310 cecidit.
1268 1265 1346 1309 con·
1449 1273 1454 1284 ·

195 1348 360 1412 tumaciae
387 1369 520 1431 quoque
550 1349 684 1412 nomine
713 1349 852 1431 quisque
882 1369 921 1412 eo
949 1349 1068 1412 iudicio
1099 1350 1347 1425 condemnatur,

195 1449 297 1516 veluti
320 1451 347 1514 si
370 1452 443 1533 quis
466 1450 601 1514 iubente
624 1451 731 1515 iudice
761 1451 868 1514 metiri
892 1471 989 1534 agros
1012 1471 1128 1532 passus
1151 1471 1218 1514 non
1240 1450 1346 1514 fuerit.

196 1553 297 1636 Quod
323 1563 435 1618 autem
462 1555 532 1618 istis
556 1555 685 1618 iudiciis
712 1555 809 1619 alicui
839 1555 1063 1619 adiudicatum
1089 1555 1141 1629 sit,
1167 1553 1202 1618 id
1232 1555 1376 1620 statim?

196 1658 265 1722 eius
280 1657 319 1722 fit
334 1659 385 1722 cui
396 1659 623 1724 adiudicatum
637 1667 698 1724 est.

705 1851 837 1918 XVIII.

557 2029 607 2081 oa
631 2029 796 2082 ruau1c1s
821 2029 985 2084 ruurcus

240 2180 376 2246 Publica
399 2179 517 2245 iudicia
536 2201 643 2264 neque
666 2201 726 2264 per
748 2180 894 2246 actiones
914 2170 1107 2246 ordinantur
1127 2202 1186 2246 nec
1209 2181 1345 2246 omnino

195 2286 379 2368 quidquam
408 2285 515 2350 simile
544 2284 669 2349 habent
703 2287 819 2350 ceteris
856 2285 991 2364 iudiciis,
1024 2287 1066 2350 de
1096 2287 1214 2369 quibus
1244 2287 1345 2350 locuti

195 2410 319 2468 sumus,
347 2410 532 2472 magnaque
556 2389 728 2454 diversitas
755 2399 806 2454 est
829 2409 942 2453 eorum
967 2399 1000 2454 et
1026 2390 1059 2452 in
1082 2389 1287 2453 instituendis
1311 2399 1345 2453 et

196 2495 229 2556 in
256 2495 458 2558 exercendis.
515 2492 650 2557 Publica
680 2501 792 2556 autem
823 2493 911 2558 dicta
940 2501 1024 2570 sunt,
1052 2494 1142 2577 quod
1172 2493 1273 2556 cuivis
1300 2506 1373 2558 exl

195 2729 330 2786 iudicium
350 2732 443 2786 locum
459 2732 545 2786 habet
565 2730 593 2785 in
613 2731 736 2786 confinio
756 2730 935 2802 praediorum
948 2730 1132 2787 rusticorum'
1146 2733 1213 2803 Dig.
1228 2749 1268 2788 10.
1286 2749 1307 2790 1.
1321 2749 1345 2800 4.

200 2831 237 2869 10.
283 2815 346 2870 The
367 2814 451 2870 willul
476 2816 600 2870 removal
623 2815 654 2868 ol
676 2814 846 2869 boundaries
866 2831 922 2870 was
943 2815 1084 2886 punished
1109 2827 1188 2872 extra
1209 2817 1346 2885 ordinem,

197 2898 273 2954 Paul
288 2907 360 2954 sent.
373 2915 429 2954 rec.
445 2913 466 2954 1.
481 2899 529 2964 16;
547 2898 639 2969 ‘quod
652 2897 675 2951 si
690 2915 740 2968 per
753 2897 941 2967 ignorantiam
954 2909 1002 2954 aut
1015 2900 1129 2955 fortuito
1142 2899 1251 2970 lapides
1264 2901 1346 2956 furati

195 2992 269 3050 sunt,
282 2979 385 3036 sufficit
404 2998 454 3037 eos
475 2981 593 3051 (servos)
613 2981 776 3036 verberibus
795 2981 943 3040 decidere’
962 2983 1115 3053 (Hadriani
1134 2984 1300 3055 rescriptum
1317 2984 1346 3038 in

198 3064 264 3134 Dig.
277 3079 321 3132 47.
336 3080 378 3119 21.
391 3065 429 3134 2).

232 3145 246 3217 ξ
261 3151 286 3204 ’1.
309 3149 409 3204 Hence
423 3147 596 3203 adiudicatio
610 3147 633 3202 is
646 3165 663 3202 a
677 3146 740 3202 civil
754 3147 838 3203 mode
852 3148 885 3203 os
893 3149 1070 3220 acquisition,
1084 3168 1110 3220 p.
1125 3162 1176 3220 215
1189 3167 1266 3221 supr.
1280 3149 1346 3205 ‘ad-

196 3229 367 3286 iudicatione
386 3230 543 3285 dominium
565 3230 755 3286 nanciscimur
773 3249 823 3302 per
842 3233 990 3286 formulam
1010 3233 1134 3288 familiae
1152 3234 1345 3302 erciscundae,

195 3313 338 3368 communi
352 3313 516 3382 dividundo,
530 3313 627 3368 finium
640 3313 845 3383 regundorum'
859 3313 974 3383 Ulpian,
987 3330 1101 3384 reg.‚19.
1118 3315 1159 3369 16.

230 3401 291 3452 '1¹lt.
304 3400 429 3452 xv111.
455 3399 511 3452 For
535 3398 583 3452 the
607 3399 722 3467 general
747 3397 855 3466 history
875 3397 907 3450 ol
929 3398 1040 3450 Roman
1066 3396 1194 3451 criminal
1219 3397 1272 3452 law
1297 3416 1345 3454 see

197 3479 319 3536 Maine's
331 3480 454 3536 Ancient
469 3482 543 3548 Law,
556 3480 637 3550 chap.
652 3499 676 3536 rc
717 3480 825 3535 Iudicia
838 3479 950 3550 publica
967 3479 996 3533 in
1013 3480 1061 3535 the
1078 3480 1149 3534 later
1160 3480 1259 3550 period
1272 3499 1345 3536 uere

195 3565 381 3619 commenced
399 3564 437 3633 by
449 3581 486 3618 an
506 3563 673 3619 indictment
691 3581 723 3618 or
742 3562 921 3618 information
936 3563 1048 3633 (‘causa
1066 3562 1190 3618 criminis
1206 3563 1344 3634 ordinata,

196 3647 226 3702 id
244 3659 296 3716 est,
313 3647 543 3718 inscriptionibus
561 3647 712 3718 depositis’
726 3646 796 3703 Cod.
810 3662 835 3716 9.
848 3659 889 3717 45.
908 3648 941 3716 1),
954 3648 1002 3702 the
1014 3647 1085 3702 form
1100 3647 1133 3701 oi
1142 3647 1232 3702 which
1246 3647 1269 3702 is
1282 3665 1345 3718 pre-

194 3731 297 3786 served
317 3731 345 3786 in
363 3730 428 3799 Dig.
442 3731 485 3797 48.
500 3745 524 3786 2.
538 3745 563 3799 3.
576 3748 616 3801 pr.
632 3730 724 3801 ‘apud
742 3729 820 3784 illum
840 3739 999 3799 praetorem
1024 3731 1068 3786 vel
1089 3731 1286 3800 proconsulem
1313 3734 1343 3786 L.

195 3813 288 3869 Titius
306 3814 449 3884 professus
469 3824 512 3869 est
533 3831 564 3868 se
584 3814 727 3869 Maeuiam
747 3815 809 3883 lege
829 3813 949 3869 iuliade
968 3813 1111 3870 adulteriis
1130 3831 1208 3869 ream
1227 3813 1344 3883 deferre,

195 3897 273 3969 quod
285 3897 361 3952 dicat
380 3915 443 3952 eam
463 3914 528 3952 cum
545 3897 618 3953 Gaio
637 3898 704 3953 Seio
723 3897 751 3951 in
771 3897 884 3952 civitate
903 3897 959 3967 illa,
973 3898 1059 3952 domo
1074 3898 1155 3965 illius,
1173 3914 1270 3954 mense
1288 3897 1345 3967 illo,

164 4019 168 4029 -
195 3980 358 4036 consulibus
371 3979 426 4035 illis
438 3980 607 4036 adulterium
620 3981 814 4036 commisisse!
845 3982 899 4036 But
913 3981 961 4035 the
973 3982 1128 4052 procedure
1141 3981 1170 4036 in
1182 3981 1345 4052 Justinian's

194 4065 264 4122 time
276 4064 363 4134 being
375 4065 532 4134 altogether
544 4075 623 4120 extra
639 4065 776 4133 ordinem,
791 4063 806 4119 i.
816 4082 839 4120 e.
854 4065 914 4120 that
934 4065 1096 4134 prescribed
1115 4065 1157 4119 for
1171 4065 1219 4120 the
1237 4067 1345 4122 several

196 4148 301 4204 iudicia
318 4148 432 4220 publica
450 4149 489 4217 by
501 4158 606 4204 statute
624 4148 730 4219 having
748 4149 832 4203 fallen
851 4147 911 4202 into
929 4147 1032 4217 disuse‚
1046 4151 1094 4204 the
1111 4148 1278 4204 differences
1296 4149 1345 4204 be·

195 4241 286 4288 tueen
299 4232 409 4288 actions
422 4232 479 4286 and
492 4232 686 4302 prosecutions
699 4249 771 4288 were
784 4242 833 4287 not
846 4249 879 4286 so
892 4231 1009 4286 marked
1022 4249 1054 4287 as
1067 4231 1156 4303 might
1174 4233 1210 4288 be
1224 4231 1345 4288 inferred

195 4317 269 4372 from
282 4317 330 4372 the
344 4325 402 4372 text
415 4316 515 4370 above.

233 4397 284 4470 §L
306 4400 474 4470 Plerumque
495 4398 613 4470 belongs
636 4408 666 4454 to
685 4399 789 4455 ‘cuivis
809 4416 843 4454 ex
864 4399 985 4469 populo!
1022 4400 1196 4469 Impuberes,
1216 4399 1345 4468 infames,

196 4481 255 4542 and
273 4483 321 4540 the
339 4499 408 4554 very
419 4499 490 4553 poor
500 4499 580 4544 ,were
597 4500 629 4538 as
642 4501 660 4540 a
672 4484 731 4540 rute
744 4482 874 4540 disabled
889 4483 962 4538 from
978 4481 1167 4554 prosecuting,
1182 4483 1249 4555 Dig.
1262 4486 1305 4554 48.
1320 4499 1343 4541 2.
