<?xml version="1.0" encoding="UTF-8"?>
<!DOCTYPE html PUBLIC "-//W3C//DTD XHTML 1.0 Transitional//EN"
    "http://www.w3.org/TR/xhtml1/DTD/xhtml1-transitional.dtd">
<html xmlns="http://www.w3.org/1999/xhtml" xml:lang="en" lang="en">
 <head>
  <title>
</title>
<meta http-equiv="Content-Type" content="text/html;charset=utf-8" />
  <meta name='ocr-system' content='tesseract 3.04.00' />
  <meta name='ocr-capabilities' content='ocr_page ocr_carea ocr_par ocr_line ocrx_word'/>
</head>
<body>
  <div class='ocr_page' id='page_1' title='image "./imperatorisiust02goog_0209.png"; bbox 0 0 3310 5218; ppageno 0'>
   <div class='ocr_carea' id='block_1_1' title="bbox 312 425 1457 510">
    <p class='ocr_par' dir='ltr' id='par_1_1' title="bbox 312 425 1457 510">
     <span class='ocr_line' id='line_1_1' title="bbox 312 425 1457 510; baseline -0.009 -17"><span class='ocrx_word' id='word_1_1' title='bbox 312 425 374 510; x_wconf 89' lang='lat'>196</span> <span class='ocrx_word' id='word_1_2' title='bbox 514 432 866 490; x_wconf 87' lang='lat' dir='ltr'><em>INSTITUTIONUM</em></span> <span class='ocrx_word' id='word_1_3' title='bbox 884 431 1003 486; x_wconf 86' lang='lat' dir='ltr'><em>LIBRI</em></span> <span class='ocrx_word' id='word_1_4' title='bbox 1022 430 1258 503; x_wconf 84' lang='lat' dir='ltr'><em>QUATTUOR.</em></span> <span class='ocrx_word' id='word_1_5' title='bbox 1354 431 1457 498; x_wconf 84' lang='lat' dir='ltr'>[le.ll.</span> 
     </span>
    </p>
   </div>
   <div class='ocr_carea' id='block_1_2' title="bbox 260 595 1459 3275">
    <p class='ocr_par' dir='ltr' id='par_1_2' title="bbox 260 595 1459 3275">
     <span class='ocr_line' id='line_1_2' title="bbox 309 595 1457 680; baseline -0.006 -13"><span class='ocrx_word' id='word_1_6' title='bbox 309 611 344 667; x_wconf 91' lang='lat' dir='ltr'>et</span> <span class='ocrx_word' id='word_1_7' title='bbox 358 603 473 668; x_wconf 85' lang='lat' dir='ltr'>fuerat.</span> <span class='ocrx_word' id='word_1_8' title='bbox 502 602 588 666; x_wconf 89' lang='lat' dir='ltr'>adeo</span> <span class='ocrx_word' id='word_1_9' title='bbox 603 607 716 664; x_wconf 90' lang='lat' dir='ltr'>autem</span> <span class='ocrx_word' id='word_1_10' title='bbox 732 619 777 663; x_wconf 89' lang='lat' dir='ltr'>ex</span> <span class='ocrx_word' id='word_1_11' title='bbox 796 618 845 673; x_wconf 89' lang='lat' dir='ltr'>e0,</span> <span class='ocrx_word' id='word_1_12' title='bbox 863 617 907 660; x_wconf 88' lang='lat' dir='ltr'>ex</span> <span class='ocrx_word' id='word_1_13' title='bbox 930 616 996 679; x_wconf 94' lang='lat' dir='ltr'>quo</span> <span class='ocrx_word' id='word_1_14' title='bbox 1014 597 1139 662; x_wconf 88' lang='lat' dir='ltr'>radices</span> <span class='ocrx_word' id='word_1_15' title='bbox 1154 597 1224 680; x_wconf 91' lang='lat' dir='ltr'>agit</span> <span class='ocrx_word' id='word_1_16' title='bbox 1240 595 1364 679; x_wconf 91' lang='lat' dir='ltr'>planta,</span> <span class='ocrx_word' id='word_1_17' title='bbox 1381 618 1457 679; x_wconf 93' lang='lat' dir='ltr'>pro·</span> 
     </span>
     <span class='ocr_line' id='line_1_3' title="bbox 308 700 1457 789; baseline -0.004 -20"><span class='ocrx_word' id='word_1_18' title='bbox 308 706 432 789; x_wconf 86' lang='lat' dir='ltr'>priet&#39;as</span> <span class='ocrx_word' id='word_1_19' title='bbox 454 705 524 771; x_wconf 91' lang='lat' dir='ltr'>eius</span> <span class='ocrx_word' id='word_1_20' title='bbox 547 712 781 778; x_wconf 89' lang='lat' dir='ltr'>commutatur,</span> <span class='ocrx_word' id='word_1_21' title='bbox 796 710 842 778; x_wconf 93' lang='lat' dir='ltr'>ut,</span> <span class='ocrx_word' id='word_1_22' title='bbox 864 700 892 763; x_wconf 92' lang='lat' dir='ltr'>si</span> <span class='ocrx_word' id='word_1_23' title='bbox 911 700 1009 764; x_wconf 92' lang='lat' dir='ltr'>vicini</span> <span class='ocrx_word' id='word_1_24' title='bbox 1032 701 1184 765; x_wconf 86' lang='lat' dir='ltr'>arborem</span> <span class='ocrx_word' id='word_1_25' title='bbox 1208 701 1255 765; x_wconf 91' lang='lat' dir='ltr'>ita</span> <span class='ocrx_word' id='word_1_26' title='bbox 1274 711 1362 766; x_wconf 91' lang='lat' dir='ltr'>terra</span> <span class='ocrx_word' id='word_1_27' title='bbox 1376 701 1457 764; x_wconf 87' lang='lat' dir='ltr'>Titii</span> 
     </span>
     <span class='ocr_line' id='line_1_4' title="bbox 307 804 1457 893; baseline -0.003 -21"><span class='ocrx_word' id='word_1_28' title='bbox 307 810 470 893; x_wconf 88' lang='lat' dir='ltr'>presserit,</span> <span class='ocrx_word' id='word_1_29' title='bbox 486 809 571 874; x_wconf 92' lang='lat' dir='ltr'>utin</span> <span class='ocrx_word' id='word_1_30' title='bbox 590 807 660 872; x_wconf 91' lang='lat' dir='ltr'>eius</span> <span class='ocrx_word' id='word_1_31' title='bbox 675 807 813 871; x_wconf 82' lang='lat' dir='ltr'>fundum</span> <span class='ocrx_word' id='word_1_32' title='bbox 829 804 955 869; x_wconf 83' lang='lat' dir='ltr'>radices</span> <span class='ocrx_word' id='word_1_33' title='bbox 970 815 1092 888; x_wconf 87' lang='lat' dir='ltr'>ageret,</span> <span class='ocrx_word' id='word_1_34' title='bbox 1108 804 1188 869; x_wconf 90' lang='lat' dir='ltr'>Titii</span> <span class='ocrx_word' id='word_1_35' title='bbox 1207 806 1290 870; x_wconf 89' lang='lat' dir='ltr'>effici</span> <span class='ocrx_word' id='word_1_36' title='bbox 1305 806 1457 870; x_wconf 89' lang='lat' dir='ltr'>arborem</span> 
     </span>
     <span class='ocr_line' id='line_1_5' title="bbox 308 908 1459 990; baseline -0.004 -15"><span class='ocrx_word' id='word_1_37' title='bbox 308 912 467 976; x_wconf 89' lang='lat' dir='ltr'>dicimus:</span> <span class='ocrx_word' id='word_1_38' title='bbox 490 913 651 976; x_wconf 91' lang='lat' dir='ltr'>rationem</span> <span class='ocrx_word' id='word_1_39' title='bbox 678 909 800 975; x_wconf 87' lang='lat' dir='ltr'>etenim</span> <span class='ocrx_word' id='word_1_40' title='bbox 825 928 892 972; x_wconf 93' lang='lat' dir='ltr'>non</span> <span class='ocrx_word' id='word_1_41' title='bbox 916 909 1117 990; x_wconf 89' lang='lat' dir='ltr'>permittere,</span> <span class='ocrx_word' id='word_1_42' title='bbox 1142 917 1180 972; x_wconf 92' lang='lat' dir='ltr'>ut</span> <span class='ocrx_word' id='word_1_43' title='bbox 1203 908 1337 973; x_wconf 91' lang='lat' dir='ltr'>alterius</span> <span class='ocrx_word' id='word_1_44' title='bbox 1360 909 1459 973; x_wconf 91' lang='lat' dir='ltr'>arbor</span> 
     </span>
     <span class='ocr_line' id='line_1_6' title="bbox 309 1011 1458 1099; baseline -0.003 -20"><span class='ocrx_word' id='word_1_45' title='bbox 309 1035 381 1081; x_wconf 92' lang='lat' dir='ltr'>esse</span> <span class='ocrx_word' id='word_1_46' title='bbox 404 1015 624 1099; x_wconf 87' lang='lat' dir='ltr'>intellegatur,</span> <span class='ocrx_word' id='word_1_47' title='bbox 648 1034 748 1097; x_wconf 92' lang='lat' dir='ltr'>quam</span> <span class='ocrx_word' id='word_1_48' title='bbox 773 1014 865 1077; x_wconf 93' lang='lat' dir='ltr'>cuius</span> <span class='ocrx_word' id='word_1_49' title='bbox 888 1011 921 1075; x_wconf 92' lang='lat' dir='ltr'>in</span> <span class='ocrx_word' id='word_1_50' title='bbox 946 1011 1085 1075; x_wconf 79' lang='lat' dir='ltr'>fundum</span> <span class='ocrx_word' id='word_1_51' title='bbox 1110 1013 1237 1077; x_wconf 88' lang='lat' dir='ltr'>radices</span> <span class='ocrx_word' id='word_1_52' title='bbox 1263 1012 1392 1095; x_wconf 87' lang='lat' dir='ltr'>egisset.</span> <span class='ocrx_word' id='word_1_53' title='bbox 1424 1021 1458 1076; x_wconf 90' lang='lat' dir='ltr'>et</span> 
     </span>
     <span class='ocr_line' id='line_1_7' title="bbox 308 1116 1457 1202; baseline -0.003 -20"><span class='ocrx_word' id='word_1_54' title='bbox 308 1119 385 1183; x_wconf 90' lang='lat' dir='ltr'>ideo</span> <span class='ocrx_word' id='word_1_55' title='bbox 407 1139 511 1202; x_wconf 91' lang='lat' dir='ltr'>prope</span> <span class='ocrx_word' id='word_1_56' title='bbox 533 1119 712 1184; x_wconf 90' lang='lat' dir='ltr'>confinium</span> <span class='ocrx_word' id='word_1_57' title='bbox 730 1117 828 1182; x_wconf 93' lang='lat' dir='ltr'>arbor</span> <span class='ocrx_word' id='word_1_58' title='bbox 850 1117 958 1199; x_wconf 91' lang='lat' dir='ltr'>posita</span> <span class='ocrx_word' id='word_1_59' title='bbox 981 1116 1009 1179; x_wconf 93' lang='lat' dir='ltr'>si</span> <span class='ocrx_word' id='word_1_60' title='bbox 1032 1117 1133 1180; x_wconf 90' lang='lat' dir='ltr'>etiam</span> <span class='ocrx_word' id='word_1_61' title='bbox 1157 1117 1189 1179; x_wconf 91' lang='lat' dir='ltr'>in</span> <span class='ocrx_word' id='word_1_62' title='bbox 1205 1117 1301 1181; x_wconf 90' lang='lat' dir='ltr'>vicini</span> <span class='ocrx_word' id='word_1_63' title='bbox 1317 1117 1457 1180; x_wconf 83' lang='lat' dir='ltr'>fundum</span> 
     </span>
     <span class='ocr_line' id='line_1_8' title="bbox 262 1219 1457 1306; baseline 0.003 -25"><span class='ocrx_word' id='word_1_64' title='bbox 262 1225 297 1282; x_wconf 77' lang='lat'>³2</span> <span class='ocrx_word' id='word_1_65' title='bbox 309 1224 435 1288; x_wconf 90' lang='lat' dir='ltr'>radices</span> <span class='ocrx_word' id='word_1_66' title='bbox 465 1224 577 1306; x_wconf 90' lang='lat' dir='ltr'>egerit,</span> <span class='ocrx_word' id='word_1_67' title='bbox 603 1223 787 1288; x_wconf 92' lang='lat' dir='ltr'>communis</span> <span class='ocrx_word' id='word_1_68' title='bbox 816 1219 864 1285; x_wconf 85' lang='lat' dir='ltr'>fit.</span> <span class='ocrx_word' id='word_1_69' title='bbox 919 1219 996 1302; x_wconf 82' lang='lat' dir='ltr'>Qua</span> <span class='ocrx_word' id='word_1_70' title='bbox 1022 1221 1149 1284; x_wconf 87' lang='lat' dir='ltr'>ratione</span> <span class='ocrx_word' id='word_1_71' title='bbox 1175 1229 1287 1284; x_wconf 93' lang='lat' dir='ltr'>autem</span> <span class='ocrx_word' id='word_1_72' title='bbox 1313 1221 1457 1303; x_wconf 86' lang='lat' dir='ltr'>plantae,</span> 
     </span>
     <span class='ocr_line' id='line_1_9' title="bbox 310 1324 1458 1410; baseline -0.002 -20"><span class='ocrx_word' id='word_1_73' title='bbox 310 1347 397 1410; x_wconf 88' lang='lat' dir='ltr'>quae</span> <span class='ocrx_word' id='word_1_74' title='bbox 418 1336 524 1392; x_wconf 90' lang='lat' dir='ltr'>terrae</span> <span class='ocrx_word' id='word_1_75' title='bbox 539 1327 739 1402; x_wconf 89' lang='lat' dir='ltr'>coalescunt,</span> <span class='ocrx_word' id='word_1_76' title='bbox 754 1325 827 1390; x_wconf 92' lang='lat' dir='ltr'>solo</span> <span class='ocrx_word' id='word_1_77' title='bbox 848 1326 980 1402; x_wconf 88' lang='lat' dir='ltr'>cedunt,</span> <span class='ocrx_word' id='word_1_78' title='bbox 1003 1326 1121 1388; x_wconf 87' lang='lat' dir='ltr'>eadem</span> <span class='ocrx_word' id='word_1_79' title='bbox 1143 1326 1271 1388; x_wconf 90' lang='lat' dir='ltr'>ratione</span> <span class='ocrx_word' id='word_1_80' title='bbox 1292 1324 1458 1388; x_wconf 82' lang='lat' dir='ltr'>frumenta</span> 
     </span>
     <span class='ocr_line' id='line_1_10' title="bbox 309 1426 1457 1514; baseline -0.003 -20"><span class='ocrx_word' id='word_1_81' title='bbox 309 1451 449 1514; x_wconf 91' lang='lat' dir='ltr'>quoque,</span> <span class='ocrx_word' id='word_1_82' title='bbox 476 1452 562 1514; x_wconf 90' lang='lat' dir='ltr'>quae</span> <span class='ocrx_word' id='word_1_83' title='bbox 588 1440 660 1496; x_wconf 87' lang='lat' dir='ltr'>sata</span> <span class='ocrx_word' id='word_1_84' title='bbox 682 1438 770 1506; x_wconf 91' lang='lat' dir='ltr'>sunt,</span> <span class='ocrx_word' id='word_1_85' title='bbox 794 1427 867 1492; x_wconf 91' lang='lat' dir='ltr'>solo</span> <span class='ocrx_word' id='word_1_86' title='bbox 889 1428 1005 1492; x_wconf 91' lang='lat' dir='ltr'>cedere</span> <span class='ocrx_word' id='word_1_87' title='bbox 1027 1426 1272 1510; x_wconf 87' lang='lat' dir='ltr'>intelleguntur.</span> <span class='ocrx_word' id='word_1_88' title='bbox 1310 1438 1457 1491; x_wconf 90' lang='lat' dir='ltr'>ceterum</span> 
     </span>
     <span class='ocr_line' id='line_1_11' title="bbox 310 1531 1458 1617; baseline -0.003 -19"><span class='ocrx_word' id='word_1_89' title='bbox 310 1535 394 1599; x_wconf 92' lang='lat' dir='ltr'>sicut</span> <span class='ocrx_word' id='word_1_90' title='bbox 410 1536 436 1598; x_wconf 95' lang='lat' dir='ltr'>is</span> <span class='ocrx_word' id='word_1_91' title='bbox 452 1535 507 1617; x_wconf 92' lang='lat' dir='ltr'>qui</span> <span class='ocrx_word' id='word_1_92' title='bbox 523 1536 557 1598; x_wconf 89' lang='lat' dir='ltr'>in</span> <span class='ocrx_word' id='word_1_93' title='bbox 572 1535 681 1599; x_wconf 90' lang='lat' dir='ltr'>alieno</span> <span class='ocrx_word' id='word_1_94' title='bbox 698 1531 771 1598; x_wconf 88' lang='lat' dir='ltr'>solo</span> <span class='ocrx_word' id='word_1_95' title='bbox 790 1531 1022 1609; x_wconf 86' lang='lat' dir='ltr'>aedificaverit,</span> <span class='ocrx_word' id='word_1_96' title='bbox 1038 1532 1065 1595; x_wconf 94' lang='lat' dir='ltr'>si</span> <span class='ocrx_word' id='word_1_97' title='bbox 1081 1533 1124 1595; x_wconf 92' lang='lat' dir='ltr'>ab</span> <span class='ocrx_word' id='word_1_98' title='bbox 1141 1552 1181 1595; x_wconf 91' lang='lat' dir='ltr'>eo</span> <span class='ocrx_word' id='word_1_99' title='bbox 1196 1532 1349 1596; x_wconf 89' lang='lat' dir='ltr'>dominus</span> <span class='ocrx_word' id='word_1_100' title='bbox 1364 1539 1458 1616; x_wconf 88' lang='lat' dir='ltr'>petat</span> 
     </span>
     <span class='ocr_line' id='line_1_12' title="bbox 308 1635 1456 1721; baseline -0.005 -17"><span class='ocrx_word' id='word_1_101' title='bbox 308 1639 504 1719; x_wconf 85' lang='lat' dir='ltr'>aedificium,</span> <span class='ocrx_word' id='word_1_102' title='bbox 516 1639 648 1704; x_wconf 88' lang='lat' dir='ltr'>delendi</span> <span class='ocrx_word' id='word_1_103' title='bbox 661 1645 773 1721; x_wconf 89' lang='lat' dir='ltr'>potest</span> <span class='ocrx_word' id='word_1_104' title='bbox 785 1657 843 1720; x_wconf 92' lang='lat' dir='ltr'>per</span> <span class='ocrx_word' id='word_1_105' title='bbox 854 1637 1086 1719; x_wconf 85' lang='lat' dir='ltr'>exceptionem</span> <span class='ocrx_word' id='word_1_106' title='bbox 1102 1636 1169 1700; x_wconf 94' lang='lat' dir='ltr'>doli</span> <span class='ocrx_word' id='word_1_107' title='bbox 1182 1635 1259 1699; x_wconf 90' lang='lat' dir='ltr'>mali</span> <span class='ocrx_word' id='word_1_108' title='bbox 1275 1637 1456 1701; x_wconf 92' lang='lat' dir='ltr'>secundum</span> 
     </span>
     <span class='ocr_line' id='line_1_13' title="bbox 310 1739 1458 1826; baseline -0.002 -20"><span class='ocrx_word' id='word_1_109' title='bbox 310 1761 450 1826; x_wconf 86' lang='lat' dir='ltr'>eaquae</span> <span class='ocrx_word' id='word_1_110' title='bbox 468 1744 634 1808; x_wconf 89' lang='lat' dir='ltr'>diximus:</span> <span class='ocrx_word' id='word_1_111' title='bbox 657 1742 703 1807; x_wconf 89' lang='lat' dir='ltr'>ita</span> <span class='ocrx_word' id='word_1_112' title='bbox 722 1741 870 1806; x_wconf 90' lang='lat' dir='ltr'>eiusdem</span> <span class='ocrx_word' id='word_1_113' title='bbox 893 1741 1098 1822; x_wconf 89' lang='lat' dir='ltr'>exceptionis</span> <span class='ocrx_word' id='word_1_114' title='bbox 1120 1739 1247 1803; x_wconf 91' lang='lat' dir='ltr'>auxilio</span> <span class='ocrx_word' id='word_1_115' title='bbox 1269 1748 1361 1803; x_wconf 91' lang='lat' dir='ltr'>tutus</span> <span class='ocrx_word' id='word_1_116' title='bbox 1385 1760 1458 1805; x_wconf 89' lang='lat' dir='ltr'>esse</span> 
     </span>
     <span class='ocr_line' id='line_1_14' title="bbox 310 1842 1458 1930; baseline -0.004 -19"><span class='ocrx_word' id='word_1_117' title='bbox 310 1856 421 1930; x_wconf 87' lang='lat' dir='ltr'>potest</span> <span class='ocrx_word' id='word_1_118' title='bbox 436 1848 464 1911; x_wconf 93' lang='lat' dir='ltr'>is</span> <span class='ocrx_word' id='word_1_119' title='bbox 479 1848 535 1929; x_wconf 92' lang='lat' dir='ltr'>qui</span> <span class='ocrx_word' id='word_1_120' title='bbox 550 1847 694 1910; x_wconf 90' lang='lat' dir='ltr'>alienum</span> <span class='ocrx_word' id='word_1_121' title='bbox 711 1845 851 1909; x_wconf 90' lang='lat' dir='ltr'>sundum</span> <span class='ocrx_word' id='word_1_122' title='bbox 870 1864 929 1907; x_wconf 91' lang='lat' dir='ltr'>sua</span> <span class='ocrx_word' id='word_1_123' title='bbox 950 1844 1100 1926; x_wconf 89' lang='lat' dir='ltr'>impensa</span> <span class='ocrx_word' id='word_1_124' title='bbox 1115 1844 1203 1908; x_wconf 87' lang='lat' dir='ltr'>bona</span> <span class='ocrx_word' id='word_1_125' title='bbox 1218 1842 1285 1908; x_wconf 87' lang='lat' dir='ltr'>fide</span> <span class='ocrx_word' id='word_1_126' title='bbox 1300 1844 1458 1908; x_wconf 90' lang='lat' dir='ltr'>consevit.</span> 
     </span>
     <span class='ocr_line' id='line_1_15' title="bbox 262 1947 1458 2034; baseline 0.003 -26"><span class='ocrx_word' id='word_1_127' title='bbox 262 1950 297 2008; x_wconf 81' lang='lat'>3³</span> <span class='ocrx_word' id='word_1_128' title='bbox 310 1949 458 2014; x_wconf 91' lang='lat' dir='ltr'>Litterae</span> <span class='ocrx_word' id='word_1_129' title='bbox 471 1951 695 2034; x_wconf 88' lang='lat' dir='ltr'>quoque‚licet</span> <span class='ocrx_word' id='word_1_130' title='bbox 702 1969 821 2013; x_wconf 87' lang='lat' dir='ltr'>aureae</span> <span class='ocrx_word' id='word_1_131' title='bbox 830 1947 904 2025; x_wconf 89' lang='lat' dir='ltr'>sint,</span> <span class='ocrx_word' id='word_1_132' title='bbox 911 1947 1048 2030; x_wconf 92' lang='lat' dir='ltr'>perinde</span> <span class='ocrx_word' id='word_1_133' title='bbox 1058 1947 1179 2011; x_wconf 89' lang='lat' dir='ltr'>chartis</span> <span class='ocrx_word' id='word_1_134' title='bbox 1191 1947 1458 2030; x_wconf 90' lang='lat' dir='ltr'>membranisque</span> 
     </span>
     <span class='ocr_line' id='line_1_16' title="bbox 309 2051 1457 2133; baseline -0.003 -15"><span class='ocrx_word' id='word_1_135' title='bbox 309 2055 440 2132; x_wconf 88' lang='lat' dir='ltr'>cedunt,</span> <span class='ocrx_word' id='word_1_136' title='bbox 466 2053 533 2118; x_wconf 90' lang='lat' dir='ltr'>acsi</span> <span class='ocrx_word' id='word_1_137' title='bbox 563 2053 634 2119; x_wconf 93' lang='lat' dir='ltr'>solo</span> <span class='ocrx_word' id='word_1_138' title='bbox 660 2053 776 2118; x_wconf 93' lang='lat' dir='ltr'>cedere</span> <span class='ocrx_word' id='word_1_139' title='bbox 802 2051 911 2117; x_wconf 92' lang='lat' dir='ltr'>solent</span> <span class='ocrx_word' id='word_1_140' title='bbox 941 2071 980 2115; x_wconf 89' lang='lat' dir='ltr'>ea</span> <span class='ocrx_word' id='word_1_141' title='bbox 1006 2071 1093 2133; x_wconf 87' lang='lat' dir='ltr'>quae</span> <span class='ocrx_word' id='word_1_142' title='bbox 1119 2051 1370 2116; x_wconf 85' lang='lat' dir='ltr'>inaedificantur</span> <span class='ocrx_word' id='word_1_143' title='bbox 1399 2060 1457 2116; x_wconf 87' lang='lat' dir='ltr'>aut</span> 
     </span>
     <span class='ocr_line' id='line_1_17' title="bbox 308 2154 1457 2240; baseline -0.001 -21"><span class='ocrx_word' id='word_1_144' title='bbox 308 2157 513 2222; x_wconf 92' lang='lat' dir='ltr'>inseruntur:</span> <span class='ocrx_word' id='word_1_145' title='bbox 544 2157 687 2240; x_wconf 90' lang='lat' dir='ltr'>ideoque</span> <span class='ocrx_word' id='word_1_146' title='bbox 708 2157 735 2220; x_wconf 93' lang='lat' dir='ltr'>si</span> <span class='ocrx_word' id='word_1_147' title='bbox 761 2157 794 2220; x_wconf 95' lang='lat' dir='ltr'>in</span> <span class='ocrx_word' id='word_1_148' title='bbox 818 2154 940 2219; x_wconf 91' lang='lat' dir='ltr'>chartis</span> <span class='ocrx_word' id='word_1_149' title='bbox 967 2155 1209 2219; x_wconf 92' lang='lat' dir='ltr'>membranisve</span> <span class='ocrx_word' id='word_1_150' title='bbox 1234 2156 1300 2218; x_wconf 90' lang='lat' dir='ltr'>tuis</span> <span class='ocrx_word' id='word_1_151' title='bbox 1324 2175 1457 2219; x_wconf 87' lang='lat' dir='ltr'>carmen</span> 
     </span>
     <span class='ocr_line' id='line_1_18' title="bbox 309 2257 1458 2342; baseline 0 -18"><span class='ocrx_word' id='word_1_152' title='bbox 309 2259 363 2325; x_wconf 93' lang='lat' dir='ltr'>vel</span> <span class='ocrx_word' id='word_1_153' title='bbox 386 2259 559 2326; x_wconf 91' lang='lat' dir='ltr'>historiam</span> <span class='ocrx_word' id='word_1_154' title='bbox 582 2261 635 2325; x_wconf 90' lang='lat' dir='ltr'>vel</span> <span class='ocrx_word' id='word_1_155' title='bbox 656 2262 839 2340; x_wconf 82' lang='lat' dir='ltr'>orationem</span> <span class='ocrx_word' id='word_1_156' title='bbox 861 2258 972 2322; x_wconf 91' lang='lat' dir='ltr'>Titius</span> <span class='ocrx_word' id='word_1_157' title='bbox 994 2258 1170 2341; x_wconf 90' lang='lat' dir='ltr'>scripserit,</span> <span class='ocrx_word' id='word_1_158' title='bbox 1192 2257 1290 2324; x_wconf 93' lang='lat' dir='ltr'>huius</span> <span class='ocrx_word' id='word_1_159' title='bbox 1313 2261 1458 2342; x_wconf 90' lang='lat' dir='ltr'>corporis</span> 
     </span>
     <span class='ocr_line' id='line_1_19' title="bbox 307 2362 1458 2445; baseline 0.001 -19"><span class='ocrx_word' id='word_1_160' title='bbox 307 2383 374 2427; x_wconf 94' lang='lat' dir='ltr'>non</span> <span class='ocrx_word' id='word_1_161' title='bbox 389 2363 508 2440; x_wconf 88' lang='lat' dir='ltr'>Titius,</span> <span class='ocrx_word' id='word_1_162' title='bbox 524 2365 583 2428; x_wconf 90' lang='lat' dir='ltr'>sed</span> <span class='ocrx_word' id='word_1_163' title='bbox 598 2373 635 2427; x_wconf 91' lang='lat' dir='ltr'>tu</span> <span class='ocrx_word' id='word_1_164' title='bbox 652 2365 806 2428; x_wconf 92' lang='lat' dir='ltr'>dominus</span> <span class='ocrx_word' id='word_1_165' title='bbox 822 2383 894 2428; x_wconf 93' lang='lat' dir='ltr'>esse</span> <span class='ocrx_word' id='word_1_166' title='bbox 912 2362 1072 2426; x_wconf 91' lang='lat' dir='ltr'>iudiceris.</span> <span class='ocrx_word' id='word_1_167' title='bbox 1102 2363 1160 2426; x_wconf 89' lang='lat' dir='ltr'>sed</span> <span class='ocrx_word' id='word_1_168' title='bbox 1177 2362 1204 2428; x_wconf 89' lang='lat' dir='ltr'>si</span> <span class='ocrx_word' id='word_1_169' title='bbox 1220 2383 1240 2426; x_wconf 90' lang='lat' dir='ltr'>a</span> <span class='ocrx_word' id='word_1_170' title='bbox 1256 2362 1347 2426; x_wconf 93' lang='lat' dir='ltr'>Titio</span> <span class='ocrx_word' id='word_1_171' title='bbox 1362 2371 1458 2445; x_wconf 91' lang='lat' dir='ltr'>petas</span> 
     </span>
     <span class='ocr_line' id='line_1_20' title="bbox 308 2465 1458 2549; baseline 0 -20"><span class='ocrx_word' id='word_1_172' title='bbox 308 2474 385 2530; x_wconf 93' lang='lat' dir='ltr'>tuos</span> <span class='ocrx_word' id='word_1_173' title='bbox 399 2465 500 2531; x_wconf 92' lang='lat' dir='ltr'>libros</span> <span class='ocrx_word' id='word_1_174' title='bbox 522 2476 638 2532; x_wconf 86' lang='lat' dir='ltr'>tuasve</span> <span class='ocrx_word' id='word_1_175' title='bbox 659 2467 868 2531; x_wconf 86' lang='lat' dir='ltr'>membranas</span> <span class='ocrx_word' id='word_1_176' title='bbox 891 2485 963 2530; x_wconf 88' lang='lat' dir='ltr'>esse</span> <span class='ocrx_word' id='word_1_177' title='bbox 986 2485 1046 2530; x_wconf 89' lang='lat' dir='ltr'>nec</span> <span class='ocrx_word' id='word_1_178' title='bbox 1068 2465 1254 2548; x_wconf 90' lang='lat' dir='ltr'>impensam</span> <span class='ocrx_word' id='word_1_179' title='bbox 1277 2466 1458 2549; x_wconf 90' lang='lat' dir='ltr'>scripturae</span> 
     </span>
     <span class='ocr_line' id='line_1_21' title="bbox 309 2567 1457 2656; baseline 0.003 -25"><span class='ocrx_word' id='word_1_180' title='bbox 309 2567 435 2633; x_wconf 89' lang='lat' dir='ltr'>solvere</span> <span class='ocrx_word' id='word_1_181' title='bbox 447 2580 582 2656; x_wconf 89' lang='lat' dir='ltr'>paratus</span> <span class='ocrx_word' id='word_1_182' title='bbox 594 2571 647 2648; x_wconf 92' lang='lat' dir='ltr'>sis,</span> <span class='ocrx_word' id='word_1_183' title='bbox 656 2571 776 2653; x_wconf 89' lang='lat' dir='ltr'>poterit</span> <span class='ocrx_word' id='word_1_184' title='bbox 792 2591 828 2634; x_wconf 89' lang='lat' dir='ltr'>se</span> <span class='ocrx_word' id='word_1_185' title='bbox 843 2569 952 2634; x_wconf 91' lang='lat' dir='ltr'>Titius</span> <span class='ocrx_word' id='word_1_186' title='bbox 964 2567 1140 2633; x_wconf 82' lang='lat' dir='ltr'>defendere</span> <span class='ocrx_word' id='word_1_187' title='bbox 1150 2590 1209 2651; x_wconf 89' lang='lat' dir='ltr'>per</span> <span class='ocrx_word' id='word_1_188' title='bbox 1224 2571 1457 2652; x_wconf 87' lang='lat' dir='ltr'>exceptionem</span> 
     </span>
     <span class='ocr_line' id='line_1_22' title="bbox 308 2671 1458 2757; baseline 0.004 -23"><span class='ocrx_word' id='word_1_189' title='bbox 308 2671 377 2736; x_wconf 93' lang='lat' dir='ltr'>doli</span> <span class='ocrx_word' id='word_1_190' title='bbox 404 2674 492 2750; x_wconf 92' lang='lat' dir='ltr'>mali,</span> <span class='ocrx_word' id='word_1_191' title='bbox 517 2676 632 2757; x_wconf 89' lang='lat' dir='ltr'>utique</span> <span class='ocrx_word' id='word_1_192' title='bbox 651 2675 677 2740; x_wconf 92' lang='lat' dir='ltr'>si</span> <span class='ocrx_word' id='word_1_193' title='bbox 697 2675 787 2738; x_wconf 88' lang='lat' dir='ltr'>bona</span> <span class='ocrx_word' id='word_1_194' title='bbox 812 2673 879 2738; x_wconf 89' lang='lat' dir='ltr'>fide</span> <span class='ocrx_word' id='word_1_195' title='bbox 903 2693 1016 2738; x_wconf 91' lang='lat' dir='ltr'>earum</span> <span class='ocrx_word' id='word_1_196' title='bbox 1038 2673 1225 2740; x_wconf 88' lang='lat' dir='ltr'>chartarum</span> <span class='ocrx_word' id='word_1_197' title='bbox 1250 2675 1458 2739; x_wconf 86' lang='lat' dir='ltr'>membrana·</span> 
     </span>
     <span class='ocr_line' id='line_1_23' title="bbox 260 2775 1458 2861; baseline 0.003 -22"><span class='ocrx_word' id='word_1_198' title='bbox 260 2775 295 2830; x_wconf 82' lang='lat'>³4</span> <span class='ocrx_word' id='word_1_199' title='bbox 310 2796 425 2841; x_wconf 88' lang='lat' dir='ltr'>rumve</span> <span class='ocrx_word' id='word_1_200' title='bbox 449 2780 690 2861; x_wconf 89' lang='lat' dir='ltr'>possessionem</span> <span class='ocrx_word' id='word_1_201' title='bbox 715 2789 855 2843; x_wconf 90' lang='lat' dir='ltr'>nanctus</span> <span class='ocrx_word' id='word_1_202' title='bbox 880 2787 940 2842; x_wconf 91' lang='lat' dir='ltr'>est.</span> <span class='ocrx_word' id='word_1_203' title='bbox 995 2776 1031 2842; x_wconf 83' lang='lat' dir='ltr'>Si</span> <span class='ocrx_word' id='word_1_204' title='bbox 1056 2778 1130 2859; x_wconf 91' lang='lat' dir='ltr'>quis</span> <span class='ocrx_word' id='word_1_205' title='bbox 1152 2777 1186 2840; x_wconf 95' lang='lat' dir='ltr'>in</span> <span class='ocrx_word' id='word_1_206' title='bbox 1212 2777 1320 2842; x_wconf 88' lang='lat' dir='ltr'>aliena</span> <span class='ocrx_word' id='word_1_207' title='bbox 1342 2777 1458 2843; x_wconf 89' lang='lat' dir='ltr'>tabula</span> 
     </span>
     <span class='ocr_line' id='line_1_24' title="bbox 308 2879 1458 2964; baseline 0.003 -21"><span class='ocrx_word' id='word_1_208' title='bbox 308 2879 462 2962; x_wconf 90' lang='lat' dir='ltr'>pinxerit,</span> <span class='ocrx_word' id='word_1_209' title='bbox 478 2881 614 2963; x_wconf 91' lang='lat' dir='ltr'>quidam</span> <span class='ocrx_word' id='word_1_210' title='bbox 636 2890 756 2964; x_wconf 88' lang='lat' dir='ltr'>putant</span> <span class='ocrx_word' id='word_1_211' title='bbox 778 2881 928 2946; x_wconf 87' lang='lat' dir='ltr'>tabulam</span> <span class='ocrx_word' id='word_1_212' title='bbox 950 2881 1099 2963; x_wconf 90' lang='lat' dir='ltr'>picturae</span> <span class='ocrx_word' id='word_1_213' title='bbox 1117 2881 1252 2946; x_wconf 88' lang='lat' dir='ltr'>cedere:</span> <span class='ocrx_word' id='word_1_214' title='bbox 1275 2881 1348 2945; x_wconf 90' lang='lat' dir='ltr'>aliis</span> <span class='ocrx_word' id='word_1_215' title='bbox 1366 2882 1458 2946; x_wconf 91' lang='lat' dir='ltr'>vide·</span> 
     </span>
     <span class='ocr_line' id='line_1_25' title="bbox 308 2983 1458 3068; baseline 0.004 -23"><span class='ocrx_word' id='word_1_216' title='bbox 308 2991 364 3046; x_wconf 89' lang='lat' dir='ltr'>tur</span> <span class='ocrx_word' id='word_1_217' title='bbox 391 2983 564 3066; x_wconf 89' lang='lat' dir='ltr'>picturam,</span> <span class='ocrx_word' id='word_1_218' title='bbox 586 2984 836 3068; x_wconf 83' lang='lat' dir='ltr'>qualiscumque</span> <span class='ocrx_word' id='word_1_219' title='bbox 865 2985 917 3060; x_wconf 93' lang='lat' dir='ltr'>sit,</span> <span class='ocrx_word' id='word_1_220' title='bbox 948 2983 1082 3050; x_wconf 89' lang='lat' dir='ltr'>tabulae</span> <span class='ocrx_word' id='word_1_221' title='bbox 1112 2985 1238 3049; x_wconf 90' lang='lat' dir='ltr'>cedere.</span> <span class='ocrx_word' id='word_1_222' title='bbox 1280 2985 1338 3049; x_wconf 90' lang='lat' dir='ltr'>sed</span> <span class='ocrx_word' id='word_1_223' title='bbox 1362 2985 1458 3050; x_wconf 91' lang='lat' dir='ltr'>nobis</span> 
     </span>
     <span class='ocr_line' id='line_1_26' title="bbox 307 3085 1457 3170; baseline 0.005 -20"><span class='ocrx_word' id='word_1_224' title='bbox 307 3085 439 3155; x_wconf 89' lang='lat' dir='ltr'>videtur</span> <span class='ocrx_word' id='word_1_225' title='bbox 462 3087 579 3156; x_wconf 86' lang='lat' dir='ltr'>melius</span> <span class='ocrx_word' id='word_1_226' title='bbox 604 3108 676 3152; x_wconf 90' lang='lat' dir='ltr'>esse</span> <span class='ocrx_word' id='word_1_227' title='bbox 698 3086 848 3153; x_wconf 89' lang='lat' dir='ltr'>tabulam</span> <span class='ocrx_word' id='word_1_228' title='bbox 872 3088 1020 3170; x_wconf 91' lang='lat' dir='ltr'>picturae</span> <span class='ocrx_word' id='word_1_229' title='bbox 1043 3089 1178 3159; x_wconf 86' lang='lat' dir='ltr'>cedere:</span> <span class='ocrx_word' id='word_1_230' title='bbox 1210 3087 1383 3153; x_wconf 92' lang='lat' dir='ltr'>ridiculum</span> <span class='ocrx_word' id='word_1_231' title='bbox 1407 3099 1457 3156; x_wconf 88' lang='lat' dir='ltr'>est</span> 
     </span>
     <span class='ocr_line' id='line_1_27' title="bbox 309 3189 1458 3275; baseline 0.003 -21"><span class='ocrx_word' id='word_1_232' title='bbox 309 3189 398 3254; x_wconf 90' lang='lat' dir='ltr'>enim</span> <span class='ocrx_word' id='word_1_233' title='bbox 414 3189 577 3272; x_wconf 89' lang='lat' dir='ltr'>picturam</span> <span class='ocrx_word' id='word_1_234' title='bbox 595 3190 727 3275; x_wconf 89' lang='lat' dir='ltr'>Apellis</span> <span class='ocrx_word' id='word_1_235' title='bbox 742 3191 795 3256; x_wconf 93' lang='lat' dir='ltr'>vel</span> <span class='ocrx_word' id='word_1_236' title='bbox 819 3189 980 3255; x_wconf 86' lang='lat' dir='ltr'>Parrhasii</span> <span class='ocrx_word' id='word_1_237' title='bbox 996 3191 1029 3254; x_wconf 91' lang='lat' dir='ltr'>in</span> <span class='ocrx_word' id='word_1_238' title='bbox 1044 3192 1265 3256; x_wconf 90' lang='lat' dir='ltr'>accessionem</span> <span class='ocrx_word' id='word_1_239' title='bbox 1280 3192 1458 3258; x_wconf 89' lang='lat' dir='ltr'>vilissimae</span> 
     </span>
    </p>
   </div>
   <div class='ocr_carea' id='block_1_3' title="bbox 306 3291 1458 4000">
    <p class='ocr_par' dir='ltr' id='par_1_3' title="bbox 306 3291 1458 4000">
     <span class='ocr_line' id='line_1_28' title="bbox 307 3291 1458 3381; baseline 0.003 -25"><span class='ocrx_word' id='word_1_240' title='bbox 307 3291 442 3358; x_wconf 89' lang='lat' dir='ltr'>tabulae</span> <span class='ocrx_word' id='word_1_241' title='bbox 465 3295 590 3358; x_wconf 90' lang='lat' dir='ltr'>cedere.</span> <span class='ocrx_word' id='word_1_242' title='bbox 634 3296 723 3359; x_wconf 92' lang='lat' dir='ltr'>unde</span> <span class='ocrx_word' id='word_1_243' title='bbox 745 3295 772 3358; x_wconf 93' lang='lat' dir='ltr'>si</span> <span class='ocrx_word' id='word_1_244' title='bbox 793 3316 814 3360; x_wconf 88' lang='lat' dir='ltr'>a</span> <span class='ocrx_word' id='word_1_245' title='bbox 836 3295 971 3359; x_wconf 93' lang='lat' dir='ltr'>domino</span> <span class='ocrx_word' id='word_1_246' title='bbox 995 3295 1129 3360; x_wconf 92' lang='lat' dir='ltr'>tabulae</span> <span class='ocrx_word' id='word_1_247' title='bbox 1153 3295 1331 3378; x_wconf 84' lang='lat' dir='ltr'>imaginem</span> <span class='ocrx_word' id='word_1_248' title='bbox 1354 3297 1458 3381; x_wconf 92' lang='lat' dir='ltr'>possi-</span> 
     </span>
     <span class='ocr_line' id='line_1_29' title="bbox 309 3397 1458 3482; baseline 0.005 -22"><span class='ocrx_word' id='word_1_249' title='bbox 309 3397 410 3461; x_wconf 89' lang='lat' dir='ltr'>dente</span> <span class='ocrx_word' id='word_1_250' title='bbox 435 3399 462 3461; x_wconf 91' lang='lat' dir='ltr'>is</span> <span class='ocrx_word' id='word_1_251' title='bbox 486 3401 543 3481; x_wconf 92' lang='lat' dir='ltr'>qui</span> <span class='ocrx_word' id='word_1_252' title='bbox 568 3397 678 3482; x_wconf 89' lang='lat' dir='ltr'>pinxit</span> <span class='ocrx_word' id='word_1_253' title='bbox 708 3419 782 3463; x_wconf 92' lang='lat' dir='ltr'>eam</span> <span class='ocrx_word' id='word_1_254' title='bbox 808 3407 903 3482; x_wconf 89' lang='lat' dir='ltr'>petat</span> <span class='ocrx_word' id='word_1_255' title='bbox 929 3419 989 3464; x_wconf 91' lang='lat' dir='ltr'>nec</span> <span class='ocrx_word' id='word_1_256' title='bbox 1015 3399 1122 3464; x_wconf 90' lang='lat' dir='ltr'>solvat</span> <span class='ocrx_word' id='word_1_257' title='bbox 1147 3401 1289 3482; x_wconf 92' lang='lat' dir='ltr'>pretium</span> <span class='ocrx_word' id='word_1_258' title='bbox 1314 3399 1458 3480; x_wconf 88' lang='lat' dir='ltr'>tabulae,</span> 
     </span>
     <span class='ocr_line' id='line_1_30' title="bbox 307 3500 1457 3587; baseline 0.004 -24"><span class='ocrx_word' id='word_1_259' title='bbox 307 3500 431 3584; x_wconf 90' lang='lat' dir='ltr'>poterit</span> <span class='ocrx_word' id='word_1_260' title='bbox 455 3521 513 3585; x_wconf 93' lang='lat' dir='ltr'>per</span> <span class='ocrx_word' id='word_1_261' title='bbox 537 3503 768 3586; x_wconf 88' lang='lat' dir='ltr'>exceptionem</span> <span class='ocrx_word' id='word_1_262' title='bbox 792 3504 860 3568; x_wconf 88' lang='lat' dir='ltr'>doli</span> <span class='ocrx_word' id='word_1_263' title='bbox 885 3503 963 3568; x_wconf 89' lang='lat' dir='ltr'>mali</span> <span class='ocrx_word' id='word_1_264' title='bbox 986 3503 1205 3568; x_wconf 90' lang='lat' dir='ltr'>summoveri:</span> <span class='ocrx_word' id='word_1_265' title='bbox 1237 3512 1272 3567; x_wconf 89' lang='lat' dir='ltr'>at</span> <span class='ocrx_word' id='word_1_266' title='bbox 1297 3504 1324 3567; x_wconf 91' lang='lat' dir='ltr'>si</span> <span class='ocrx_word' id='word_1_267' title='bbox 1348 3505 1376 3567; x_wconf 92' lang='lat' dir='ltr'>is</span> <span class='ocrx_word' id='word_1_268' title='bbox 1400 3505 1457 3587; x_wconf 91' lang='lat' dir='ltr'>qui</span> 
     </span>
     <span class='ocr_line' id='line_1_31' title="bbox 307 3603 1457 3690; baseline 0.007 -26"><span class='ocrx_word' id='word_1_269' title='bbox 307 3603 417 3686; x_wconf 90' lang='lat' dir='ltr'>pinxit</span> <span class='ocrx_word' id='word_1_270' title='bbox 432 3606 609 3687; x_wconf 90' lang='lat' dir='ltr'>possideat,</span> <span class='ocrx_word' id='word_1_271' title='bbox 622 3627 827 3690; x_wconf 91' lang='lat' dir='ltr'>consequens</span> <span class='ocrx_word' id='word_1_272' title='bbox 842 3617 900 3687; x_wconf 93' lang='lat' dir='ltr'>est,</span> <span class='ocrx_word' id='word_1_273' title='bbox 916 3616 954 3671; x_wconf 94' lang='lat' dir='ltr'>ut</span> <span class='ocrx_word' id='word_1_274' title='bbox 969 3607 1059 3672; x_wconf 91' lang='lat' dir='ltr'>utilis</span> <span class='ocrx_word' id='word_1_275' title='bbox 1073 3607 1160 3670; x_wconf 90' lang='lat' dir='ltr'>actio</span> <span class='ocrx_word' id='word_1_276' title='bbox 1172 3606 1307 3670; x_wconf 91' lang='lat' dir='ltr'>domino</span> <span class='ocrx_word' id='word_1_277' title='bbox 1323 3607 1457 3673; x_wconf 90' lang='lat' dir='ltr'>tabulae</span> 
     </span>
     <span class='ocr_line' id='line_1_32' title="bbox 307 3707 1456 3793; baseline 0.005 -23"><span class='ocrx_word' id='word_1_278' title='bbox 307 3707 466 3772; x_wconf 88' lang='lat' dir='ltr'>adversus</span> <span class='ocrx_word' id='word_1_279' title='bbox 489 3730 564 3773; x_wconf 90' lang='lat' dir='ltr'>eum</span> <span class='ocrx_word' id='word_1_280' title='bbox 585 3711 690 3790; x_wconf 91' lang='lat' dir='ltr'>detur,</span> <span class='ocrx_word' id='word_1_281' title='bbox 713 3731 780 3793; x_wconf 93' lang='lat' dir='ltr'>quo</span> <span class='ocrx_word' id='word_1_282' title='bbox 803 3731 890 3789; x_wconf 91' lang='lat' dir='ltr'>casu,</span> <span class='ocrx_word' id='word_1_283' title='bbox 912 3711 940 3774; x_wconf 92' lang='lat' dir='ltr'>si</span> <span class='ocrx_word' id='word_1_284' title='bbox 962 3729 1029 3773; x_wconf 91' lang='lat' dir='ltr'>non</span> <span class='ocrx_word' id='word_1_285' title='bbox 1053 3710 1160 3773; x_wconf 90' lang='lat' dir='ltr'>solvat</span> <span class='ocrx_word' id='word_1_286' title='bbox 1180 3711 1364 3793; x_wconf 90' lang='lat' dir='ltr'>impensam</span> <span class='ocrx_word' id='word_1_287' title='bbox 1387 3711 1456 3793; x_wconf 90' lang='lat' dir='ltr'>pic·</span> 
     </span>
     <span class='ocr_line' id='line_1_33' title="bbox 306 3812 1457 3896; baseline 0.003 -21"><span class='ocrx_word' id='word_1_288' title='bbox 306 3818 409 3890; x_wconf 91' lang='lat' dir='ltr'>turae,</span> <span class='ocrx_word' id='word_1_289' title='bbox 425 3814 547 3896; x_wconf 92' lang='lat' dir='ltr'>poterit</span> <span class='ocrx_word' id='word_1_290' title='bbox 562 3835 621 3896; x_wconf 91' lang='lat' dir='ltr'>per</span> <span class='ocrx_word' id='word_1_291' title='bbox 636 3814 869 3896; x_wconf 88' lang='lat' dir='ltr'>exceptionem</span> <span class='ocrx_word' id='word_1_292' title='bbox 884 3813 952 3877; x_wconf 94' lang='lat' dir='ltr'>doli</span> <span class='ocrx_word' id='word_1_293' title='bbox 969 3812 1046 3876; x_wconf 88' lang='lat' dir='ltr'>mali</span> <span class='ocrx_word' id='word_1_294' title='bbox 1062 3812 1185 3896; x_wconf 89' lang='lat' dir='ltr'>repelli,</span> <span class='ocrx_word' id='word_1_295' title='bbox 1196 3815 1311 3896; x_wconf 92' lang='lat' dir='ltr'>utique</span> <span class='ocrx_word' id='word_1_296' title='bbox 1326 3813 1353 3876; x_wconf 93' lang='lat' dir='ltr'>si</span> <span class='ocrx_word' id='word_1_297' title='bbox 1368 3815 1457 3878; x_wconf 90' lang='lat' dir='ltr'>bona</span> 
     </span>
     <span class='ocr_line' id='line_1_34' title="bbox 307 3913 1456 4000; baseline 0.003 -23"><span class='ocrx_word' id='word_1_298' title='bbox 307 3913 375 3979; x_wconf 89' lang='lat' dir='ltr'>fide</span> <span class='ocrx_word' id='word_1_299' title='bbox 400 3936 570 3998; x_wconf 89' lang='lat' dir='ltr'>possessor</span> <span class='ocrx_word' id='word_1_300' title='bbox 592 3917 690 3992; x_wconf 82' lang='lat' dir='ltr'>fuerit</span> <span class='ocrx_word' id='word_1_301' title='bbox 711 3917 767 3982; x_wconf 92' lang='lat' dir='ltr'>ille</span> <span class='ocrx_word' id='word_1_302' title='bbox 786 3917 843 4000; x_wconf 89' lang='lat' dir='ltr'>qui</span> <span class='ocrx_word' id='word_1_303' title='bbox 867 3916 1029 4000; x_wconf 91' lang='lat' dir='ltr'>picturam</span> <span class='ocrx_word' id='word_1_304' title='bbox 1056 3917 1223 4000; x_wconf 89' lang='lat' dir='ltr'>imposuit.</span> <span class='ocrx_word' id='word_1_305' title='bbox 1264 3916 1345 3981; x_wconf 92' lang='lat' dir='ltr'>illud</span> <span class='ocrx_word' id='word_1_306' title='bbox 1367 3918 1456 3981; x_wconf 92' lang='lat' dir='ltr'>enim</span> 
     </span>
    </p>
   </div>
   <div class='ocr_carea' id='block_1_4' title="bbox 304 4131 1457 4624">
    <p class='ocr_par' dir='ltr' id='par_1_4' title="bbox 304 4131 1457 4454">
     <span class='ocr_line' id='line_1_35' title="bbox 304 4131 1456 4205; baseline 0.001 -15"><span class='ocrx_word' id='word_1_307' title='bbox 304 4131 365 4190; x_wconf 87' lang='lat' dir='ltr'>tion</span> <span class='ocrx_word' id='word_1_308' title='bbox 383 4133 456 4188; x_wconf 84' lang='lat' dir='ltr'>from</span> <span class='ocrx_word' id='word_1_309' title='bbox 472 4133 522 4189; x_wconf 88' lang='lat' dir='ltr'>the</span> <span class='ocrx_word' id='word_1_310' title='bbox 540 4131 593 4188; x_wconf 90' lang='lat' dir='ltr'>soil</span> <span class='ocrx_word' id='word_1_311' title='bbox 611 4141 641 4186; x_wconf 89' lang='lat' dir='ltr'>to</span> <span class='ocrx_word' id='word_1_312' title='bbox 659 4133 707 4188; x_wconf 88' lang='lat' dir='ltr'>the</span> <span class='ocrx_word' id='word_1_313' title='bbox 726 4133 830 4188; x_wconf 69' lang='lat' dir='ltr'>latters</span> <span class='ocrx_word' id='word_1_314' title='bbox 847 4149 949 4202; x_wconf 87' lang='lat' dir='ltr'>owner,</span> <span class='ocrx_word' id='word_1_315' title='bbox 962 4133 1011 4188; x_wconf 88' lang='lat' dir='ltr'>the</span> <span class='ocrx_word' id='word_1_316' title='bbox 1028 4150 1130 4189; x_wconf 91' lang='lat' dir='ltr'>reason</span> <span class='ocrx_word' id='word_1_317' title='bbox 1144 4135 1207 4205; x_wconf 89' lang='lat' dir='ltr'>why</span> <span class='ocrx_word' id='word_1_318' title='bbox 1219 4136 1287 4205; x_wconf 88' lang='lat' dir='ltr'>they</span> <span class='ocrx_word' id='word_1_319' title='bbox 1299 4152 1372 4192; x_wconf 86' lang='lat' dir='ltr'>were</span> <span class='ocrx_word' id='word_1_320' title='bbox 1390 4136 1456 4191; x_wconf 86' lang='lat' dir='ltr'>thus</span> 
     </span>
     <span class='ocr_line' id='line_1_36' title="bbox 305 4215 1456 4288; baseline 0.003 -16"><span class='ocrx_word' id='word_1_321' title='bbox 305 4217 416 4272; x_wconf 89' lang='lat' dir='ltr'>treated</span> <span class='ocrx_word' id='word_1_322' title='bbox 428 4217 587 4286; x_wconf 76' lang='lat' dir='ltr'>differently</span> <span class='ocrx_word' id='word_1_323' title='bbox 598 4215 671 4270; x_wconf 83' lang='lat' dir='ltr'>from</span> <span class='ocrx_word' id='word_1_324' title='bbox 689 4215 832 4271; x_wconf 85' lang='lat' dir='ltr'>materials</span> <span class='ocrx_word' id='word_1_325' title='bbox 844 4215 916 4271; x_wconf 89' lang='lat' dir='ltr'>used</span> <span class='ocrx_word' id='word_1_326' title='bbox 932 4217 975 4272; x_wconf 83' lang='lat' dir='ltr'>sor</span> <span class='ocrx_word' id='word_1_327' title='bbox 986 4217 1115 4287; x_wconf 89' lang='lat' dir='ltr'>building</span> <span class='ocrx_word' id='word_1_328' title='bbox 1127 4217 1213 4288; x_wconf 85' lang='lat' dir='ltr'>being</span> <span class='ocrx_word' id='word_1_329' title='bbox 1229 4220 1290 4274; x_wconf 88' lang='lat' dir='ltr'>that</span> <span class='ocrx_word' id='word_1_330' title='bbox 1304 4221 1371 4288; x_wconf 89' lang='lat' dir='ltr'>they</span> <span class='ocrx_word' id='word_1_331' title='bbox 1384 4237 1456 4276; x_wconf 85' lang='lat' dir='ltr'>were</span> 
     </span>
     <span class='ocr_line' id='line_1_37' title="bbox 304 4299 1457 4370; baseline 0.004 -17"><span class='ocrx_word' id='word_1_332' title='bbox 304 4315 343 4354; x_wconf 87' lang='lat' dir='ltr'>no</span> <span class='ocrx_word' id='word_1_333' title='bbox 361 4300 460 4370; x_wconf 86' lang='lat' dir='ltr'>longer</span> <span class='ocrx_word' id='word_1_334' title='bbox 477 4301 552 4356; x_wconf 86' lang='lat' dir='ltr'>what</span> <span class='ocrx_word' id='word_1_335' title='bbox 570 4301 637 4370; x_wconf 89' lang='lat' dir='ltr'>they</span> <span class='ocrx_word' id='word_1_336' title='bbox 649 4299 707 4354; x_wconf 88' lang='lat' dir='ltr'>had</span> <span class='ocrx_word' id='word_1_337' title='bbox 724 4299 815 4355; x_wconf 86' lang='lat' dir='ltr'>been:</span> <span class='ocrx_word' id='word_1_338' title='bbox 835 4300 917 4356; x_wconf 83' lang='lat' dir='ltr'>‘nam</span> <span class='ocrx_word' id='word_1_339' title='bbox 932 4299 1066 4357; x_wconf 87' lang='lat' dir='ltr'>credibile</span> <span class='ocrx_word' id='word_1_340' title='bbox 1084 4311 1128 4358; x_wconf 89' lang='lat' dir='ltr'>est</span> <span class='ocrx_word' id='word_1_341' title='bbox 1140 4301 1196 4357; x_wconf 83' lang='lat' dir='ltr'>alio</span> <span class='ocrx_word' id='word_1_342' title='bbox 1213 4313 1305 4358; x_wconf 86' lang='lat' dir='ltr'>terrae</span> <span class='ocrx_word' id='word_1_343' title='bbox 1321 4302 1457 4358; x_wconf 85' lang='lat' dir='ltr'>alimento</span> 
     </span>
     <span class='ocr_line' id='line_1_38' title="bbox 305 4381 772 4454; baseline 0.002 -18"><span class='ocrx_word' id='word_1_344' title='bbox 305 4381 391 4436; x_wconf 84' lang='lat' dir='ltr'>aliam</span> <span class='ocrx_word' id='word_1_345' title='bbox 404 4384 523 4438; x_wconf 84' lang='lat' dir='ltr'>lactam’</span> <span class='ocrx_word' id='word_1_346' title='bbox 536 4383 603 4454; x_wconf 89' lang='lat' dir='ltr'>Dig.</span> <span class='ocrx_word' id='word_1_347' title='bbox 615 4399 659 4451; x_wconf 85' lang='lat'>41.</span> <span class='ocrx_word' id='word_1_348' title='bbox 676 4399 698 4439; x_wconf 90' lang='lat'>1.</span> <span class='ocrx_word' id='word_1_349' title='bbox 710 4383 736 4439; x_wconf 92' lang='grc'>6.</span> <span class='ocrx_word' id='word_1_350' title='bbox 749 4397 772 4438; x_wconf 90' lang='lat'>1.</span> 
     </span>
    </p>

    <p class='ocr_par' dir='ltr' id='par_1_5' title="bbox 305 4465 1456 4624">
     <span class='ocr_line' id='line_1_39' title="bbox 341 4465 1456 4540; baseline 0.003 -19"><span class='ocrx_word' id='word_1_351' title='bbox 341 4466 356 4533; x_wconf 84' lang='lat'>§</span> <span class='ocrx_word' id='word_1_352' title='bbox 370 4469 418 4521; x_wconf 77' lang='lat'>³4.</span> <span class='ocrx_word' id='word_1_353' title='bbox 440 4467 528 4523; x_wconf 85' lang='lat' dir='ltr'>Gaius</span> <span class='ocrx_word' id='word_1_354' title='bbox 542 4466 581 4538; x_wconf 85' lang='lat' dir='ltr'>(ii.</span> <span class='ocrx_word' id='word_1_355' title='bbox 595 4468 640 4536; x_wconf 88' lang='lat'>78)</span> <span class='ocrx_word' id='word_1_356' title='bbox 653 4465 780 4524; x_wconf 81' lang='lat' dir='ltr'>remarks</span> <span class='ocrx_word' id='word_1_357' title='bbox 793 4483 830 4522; x_wconf 91' lang='lat' dir='ltr'>on</span> <span class='ocrx_word' id='word_1_358' title='bbox 842 4467 891 4522; x_wconf 89' lang='lat' dir='ltr'>the</span> <span class='ocrx_word' id='word_1_359' title='bbox 903 4467 1176 4524; x_wconf 87' lang='lat' dir='ltr'>unreasonableness</span> <span class='ocrx_word' id='word_1_360' title='bbox 1189 4467 1221 4523; x_wconf 85' lang='lat' dir='ltr'>os</span> <span class='ocrx_word' id='word_1_361' title='bbox 1230 4468 1353 4540; x_wconf 85' lang='lat' dir='ltr'>treating</span> <span class='ocrx_word' id='word_1_362' title='bbox 1364 4468 1456 4540; x_wconf 88' lang='lat' dir='ltr'>paint-</span> 
     </span>
     <span class='ocr_line' id='line_1_40' title="bbox 305 4543 1455 4624; baseline 0.008 -23"><span class='ocrx_word' id='word_1_363' title='bbox 305 4543 368 4618; x_wconf 84' lang='lat' dir='ltr'>ings</span> <span class='ocrx_word' id='word_1_364' title='bbox 381 4547 623 4622; x_wconf 81' lang='lat' dir='ltr'>differently-from</span> <span class='ocrx_word' id='word_1_365' title='bbox 636 4551 772 4622; x_wconf 82' lang='lat' dir='ltr'>writings,</span> <span class='ocrx_word' id='word_1_366' title='bbox 784 4549 842 4606; x_wconf 92' lang='lat' dir='ltr'>and</span> <span class='ocrx_word' id='word_1_367' title='bbox 854 4550 882 4605; x_wconf 91' lang='lat' dir='ltr'>in</span> <span class='ocrx_word' id='word_1_368' title='bbox 897 4549 963 4622; x_wconf 81' lang='lat' dir='ltr'>Dig.</span> <span class='ocrx_word' id='word_1_369' title='bbox 975 4551 999 4607; x_wconf 87' lang='lat'>6.</span> <span class='ocrx_word' id='word_1_370' title='bbox 1017 4565 1040 4606; x_wconf 88' lang='lat'>1.</span> <span class='ocrx_word' id='word_1_371' title='bbox 1053 4566 1095 4621; x_wconf 81' lang='lat'>²3·</span> <span class='ocrx_word' id='word_1_372' title='bbox 1109 4565 1125 4621; x_wconf 91' lang='lat'>3</span> <span class='ocrx_word' id='word_1_373' title='bbox 1137 4553 1248 4623; x_wconf 86' lang='lat' dir='ltr'>exactly</span> <span class='ocrx_word' id='word_1_374' title='bbox 1260 4553 1308 4608; x_wconf 87' lang='lat' dir='ltr'>the</span> <span class='ocrx_word' id='word_1_375' title='bbox 1325 4551 1455 4624; x_wconf 86' lang='lat' dir='ltr'>opposite</span> 
     </span>
    </p>
   </div>
   <div class='ocr_carea' id='block_1_5' title="bbox 0 0 1660 5218">
    <p class='ocr_par' dir='ltr' id='par_1_6' title="bbox 0 0 1660 5218">
     <span class='ocr_line' id='line_1_41' title="bbox 0 0 1660 5218; baseline 0 0"><span class='ocrx_word' id='word_1_376' title='bbox 0 0 1660 5218; x_wconf 95' lang='lat' dir='ltr'> </span> 
     </span>
    </p>
   </div>
  </div>
 </body>
</html>
