3152 5164
67 445 117 492 n.
130 435 176 502 ιο]
504 433 565 490 oa
586 434 771 491 nunriis,
1116 441 1119 446 ·
1151 438 1211 507 125

66 621 200 680 uxorem
223 601 341 666 ducere
365 620 430 664 non
453 599 539 666 licet.
583 602 640 667 sed
663 621 723 665 nec
746 609 880 684 neptem
902 599 1009 664 fratris
1024 599 1077 664 uel
1092 601 1211 666 sororis

79 707 183 770 lucere
202 705 275 788 quis
298 714 417 787 potest,
438 706 589 786 quamvis
615 717 733 787 quarto
759 706 863 788 gradu
889 705 965 769 sint.
1010 706 1101 770 cuius
1123 706 1211 769 enim

79 809 167 872 iliam
195 829 334 873 uxorem
364 809 483 872 ducere
520 829 586 872 non
623 809 708 888 ltcet,
738 809 806 872 eius
837 829 943 891 neque
973 819 1107 891 neptem
1138 830 1211 891 per-

78 915 212 976 nittitur.
253 913 321 974 eius
336 933 414 974 vero
431 911 584 986 mulieris,
596 933 696 994 quam
712 922 807 996 pater
821 921 896 976 tuus
911 912 1093 994 adoptavit,
1109 912 1211 976 filiam

77 1037 132 1079 ton
160 1017 278 1080 videris
308 1017 458 1098 impediri
488 1036 626 1080 uxorem
664 1018 791 1094 ducere,
820 1017 898 1097 quia
928 1036 1036 1097 neque
1072 1017 1211 1079 naturali

76 1142 171 1202 reque
199 1120 284 1184 civili
311 1122 379 1182 iure
409 1119 469 1182 tibi
495 1121 711 1201 coniungitur.
762 1119 911 1183 Duorum
938 1129 1049 1182 autem
1076 1119 1243 1184 fratrumt

74 1225 118 1288 rel
140 1245 283 1288 sororum
306 1224 399 1286 liberi
422 1223 474 1286 vel
497 1223 605 1288 fratris
628 1235 662 1288 et
684 1224 804 1288 sororis
827 1224 915 1306 iungi
931 1232 1079 1306 possunt.
1125 1224 1243 1287 Item5

66 1330 200 1392 amitam
235 1328 312 1392 licet
346 1329 537 1410 adoptivam
576 1348 714 1392 uxorem
752 1327 871 1390 ducere
908 1347 973 1390 non
1008 1327 1093 1402 licet,
1132 1329 1212 1390 item

73 1441 283 1509 materteram,
321 1432 398 1512 quia
435 1442 610 1513 parentum
646 1432 720 1495 loco
757 1431 928 1494 habentur.
984 1451 1051 1512 qua
1087 1432 1213 1494 ratione

66 1523 176 1602 terum
197 1545 247 1600 est
266 1556 422 1618 magnam
446 1557 579 1618 quoque
600 1537 738 1599 amitam
762 1545 796 1599 et
823 1545 1034 1598 materteram
1057 1555 1213 1617 magnam

65 1629 227 1724 prohiberi
260 1659 398 1703 uxorem
431 1640 559 1703 ducere.
615 1639 813 1702 Adfinitatis
843 1659 974 1720 quoque
1002 1639 1243 1705 veneratione6

70 1745 267 1825 quarundam
290 1744 412 1825 nuptiis
434 1744 599 1806 abstinere
621 1763 755 1808 necesse
778 1751 838 1806 est.
883 1751 919 1806 ut
935 1762 1010 1806 ecce
1028 1743 1213 1824 privignam

69 1859 123 1911 aut
155 1868 269 1910 nurum
303 1867 442 1912 uxorem
476 1848 595 1910 ducere
629 1867 694 1909 non
724 1846 810 1922 licet,
836 1846 913 1926 quia
942 1855 1100 1926 utraeque
1126 1845 1213 1908 filiae

69 1951 139 2012 loco
168 1959 252 2012 sunt.
305 1950 394 2030 quod
426 1949 552 2012 scilicet
585 1951 632 2012 ita
665 1949 768 2030 accipi
801 1947 932 2022 debeat,
961 1948 988 2010 si
1023 1947 1085 2010 tuit
1115 1969 1213 2011 nurus

67 2064 123 2116 aut
146 2055 310 2134 privigna:
335 2073 412 2116 nam
436 2054 463 2118 si
486 2051 594 2115 adhuc
613 2072 710 2116 nurus
733 2061 792 2129 est,
807 2051 840 2113 id
865 2061 915 2115 est
935 2052 962 2114 si
983 2050 1090 2114 adhuc
1111 2061 1214 2134 nupta

66 2165 116 2219 est
132 2155 198 2218 filio
213 2165 280 2234 tu0‚
295 2155 360 2220 alia
380 2157 507 2219 ratione
527 2175 666 2218 uxorem
690 2175 763 2218 eam
786 2155 906 2218 ducere
925 2174 990 2217 non
1006 2155 1122 2236 possis,
1137 2156 1214 2236 quia

65 2261 181 2322 eadem
196 2260 324 2322 duobus
339 2240 442 2342 nupta
465 2279 536 2322 esse
559 2279 624 2322 non
648 2267 777 2340 potest:
800 2259 880 2320 item
897 2259 922 2322 si
943 2256 1050 2320 adhuc
1065 2258 1214 2340 privigna

65 2373 196 2438 tuaest,
213 2363 246 2426 id
263 2373 314 2426 est
336 2365 363 2426 si
387 2372 494 2426 mater
512 2363 580 2425 eius
603 2363 662 2425 tibi
686 2373 789 2444 nupta
812 2371 870 2436 est,
887 2361 963 2424 ideo
984 2382 1058 2424 eam
1074 2381 1213 2424 uxorem

64 2471 183 2531 ducere
198 2488 263 2530 non
285 2468 417 2549 poteris,
435 2466 511 2548 quia
532 2467 615 2529 duas
637 2487 758 2529 uxores
779 2465 896 2529 eodem
920 2475 1069 2548 tempore
1092 2465 1213 2530 habere

64 2593 130 2635 non
146 2571 230 2635 licet.
262 2570 399 2636 Socrum
412 2591 544 2652 quoque
557 2579 589 2632 et
606 2591 779 2634 novercam
795 2569 996 2651 prohibitum
1013 2579 1062 2634 est
1074 2591 1212 2633 uxorem
1228 2583 1244 2634 7

64 2677 190 2753 ducere,
220 2677 297 2757 quia
329 2676 442 2739 matris
480 2674 553 2738 loco
590 2683 675 2737 sunt.
733 2674 821 2755 quod
853 2683 886 2738 et
916 2675 1023 2756 ipsum
1054 2673 1214 2738 dissoluta

64 2783 199 2844 demum
217 2779 391 2843 adfinitate
412 2780 579 2861 procedit:
602 2779 748 2859 alioquin
770 2780 797 2842 si
817 2779 925 2842 adhuc
946 2799 1085 2842 noverca
1105 2789 1162 2851 est,
1179 2780 1213 2842 id

64 2893 114 2945 est
130 2884 155 2944 si
172 2881 280 2944 adhuc
301 2885 385 2965 patri
407 2893 465 2945 tuo
489 2891 592 2963 nupta
614 2891 673 2958 est,
688 2884 854 2944 communi
876 2884 943 2944 iure
962 2882 1139 2964 impeditur
1154 2883 1214 2944 tibi

64 2986 196 3062 nubere,
214 2986 290 3066 quia
317 2985 434 3048 eadem
459 2985 588 3048 duobus
613 2993 715 3066 nupta
738 3005 810 3047 esse
834 3005 899 3047 non
927 2993 1056 3066 potest:
1084 2985 1163 3048 item
1187 2987 1214 3046 si

64 3089 172 3154 adhuc
189 3109 298 3153 socrus
314 3100 373 3167 est,
389 3090 421 3152 id
445 3101 495 3153 est
518 3090 544 3152 si
565 3089 672 3152 adhuc
693 3088 759 3152 filia
780 3091 847 3152 eius
866 3089 926 3152 tibi
943 3097 1045 3171 nupta
1061 3097 1122 3162 est,
1139 3089 1214 3151 ideo

64 3193 287 3275 ¹inpediuntur
311 3196 454 3276 nuptiae,
485 3194 561 3274 quia
591 3195 672 3256 duas
702 3215 823 3258 uxores
853 3193 974 3256 habere
1004 3213 1069 3255 non
1099 3194 1213 3274 possis.

64 3298 178 3362 Mariti
194 3309 306 3360 tamen
323 3298 408 3361 filius
424 3317 467 3358 ex
489 3297 553 3360 alia
573 3317 677 3359 uxore
692 3307 726 3360 et
741 3299 853 3359 uxoris
874 3297 940 3359 filia
956 3319 999 3360 ex
1015 3297 1080 3359 alio
1097 3298 1214 3358 marito
1228 3300 1245 3352 8

64 3401 113 3467 rel
130 3412 245 3464 contra
258 3402 503 3462 matrimonium
517 3409 603 3462 recte
619 3399 827 3474 contrahunt,
838 3399 912 3463 licet
925 3400 1070 3463 habeant
1082 3399 1215 3463 fratrem

64 3635 205 3704 marriage
226 3635 354 3690 between
373 3651 390 3688 a
409 3649 475 3687 man
496 3632 553 3686 and
572 3631 616 3686 his
635 3631 771 3684 brother's
791 3631 930 3699 daughter
949 3649 1005 3686 was
1024 3633 1160 3701 legalised
1177 3633 1216 3699 by

64 3719 211 3786 Claudius,
233 3720 295 3772 who
316 3716 438 3771 married
459 3714 617 3786 Agrippina
639 3714 728 3768 under
748 3713 792 3768 his
815 3731 877 3767 own
897 3715 965 3780 mle,
985 3715 1093 3783 though
1116 3714 1136 3768 it
1159 3721 1224 3767 was·

64 3805 169 3870 always
183 3802 315 3856 unlawful
334 3811 364 3856 to
384 3817 478 3869 marry
490 3818 508 3854 a
521 3799 600 3854 niece
614 3799 652 3868 by
664 3815 682 3852 a
694 3797 784 3851 sister.
823 3798 1010 3852 Constantine
1029 3797 1155 3852 restored
1168 3798 1217 3850 the

64 3885 178 3942 ancient
199 3887 259 3953 law,
273 3885 330 3939 and
348 3883 476 3938 branded
495 3883 635 3951 marriage
648 3881 714 3936 with
733 3897 751 3935 a
769 3882 906 3936 brothers
926 3881 1065 3952 daughter
1084 3880 1149 3935 with
1168 3882 1216 3935 the

64 3969 198 4024 nameus
208 3969 306 4036 incest,
321 3969 390 4023 Cod
404 3968 514 4022 Theod.
531 3982 551 4021 1.
567 3981 591 4022 2.

98 4053 160 4116 Μ.
182 4051 324 4119 Marriage
346 4052 473 4106 between
493 4050 552 4104 first
572 4049 694 4118 cousins,
716 4049 807 4103 which
827 4047 974 4118 originally
991 4065 1048 4103 was
1067 4048 1216 4114 unknown,

64 4134 213 4204 gradually
226 4150 307 4187 came
325 4143 355 4188 to
373 4134 409 4188 be
428 4133 588 4202 permitted‚
610 4133 679 4202 Livy
691 4148 734 4199 42.
749 4147 791 4202 34,
806 4133 873 4186 Tac.
887 4135 960 4186 Amr.
979 4147 1018 4186 12.
1030 4133 1056 4198 6,
1070 4131 1127 4186 and
1146 4131 1218 4185 aster

64 4216 150 4284 being
170 4215 332 4284 prohibited
350 4216 388 4284 by
401 4215 579 4270 Theodosius
599 4217 621 4284 1,
635 4233 692 4271 was
709 4216 793 4286 again
812 4215 896 4269 made
916 4215 1007 4269 lawiul
1027 4215 1064 4283 by
1076 4211 1217 4268 Arcadius

64 4300 120 4354 end
137 4297 294 4365 Honorius,
309 4297 378 4352 Cod
396 4310 418 4366 5.
431 4313 457 4364 4.
475 4312 512 4366 19.

97 4385 112 4450 ὁ
128 4387 155 4438 ’1.
180 4379 324 4450 Marriage
337 4380 403 4435 with
416 4398 434 4436 a
446 4381 585 4436 deceased
598 4380 682 4435 wile's
696 4380 779 4436 sister
792 4398 849 4434 was
866 4380 1014 4435 forbidden
1028 4379 1066 4449 by
1079 4381 1217 4435 Constan-

64 4467 120 4522 :ine
142 4465 229 4534 (Cod.
243 4464 352 4520 Theod
370 4481 391 4520 1.
405 4465 441 4534 a),
455 4465 512 4520 and
532 4465 568 4536 by
583 4464 772 4532 Valentinian,
786 4463 972 4534 Theodosius,
991 4464 1048 4520 and
1067 4463 1216 4534 Arcadius,

64 4551 133 4606 Cod.
151 4563 174 4620 5.
193 4561 216 4619 5.
232 4561 255 4620 5.
