3312 5188
296 427 360 497 500
500 417 603 474 INST
601 418 650 473 IT
651 417 707 472 UT
704 415 850 472 IONUM
867 413 985 469 LIBRI
1004 412 1238 486 QUATTUOR.
1325 412 1390 478 [Lib.
1402 415 1448 465 lv.

296 586 417 651 festum
448 593 482 650 et
512 605 572 650 nec
602 582 824 648 manifestum.
877 601 955 646 nam
991 590 1189 664 conceptum
1225 587 1260 646 et
1294 579 1445 646 oblatum

297 689 423 774 species
447 691 557 774 potius
583 688 721 754 actionis
745 695 822 751 sunt
849 687 936 750 furto
960 685 1172 750 cohaerentes
1197 705 1296 768 quarn
1323 703 1447 768 genera

297 793 467 870 furtorum,
486 793 571 858 sicut
592 791 724 856 inferius
744 789 926 873 apparebit.
971 789 1164 854 manifestus
1190 789 1241 852 fur
1265 798 1324 867 est,
1342 807 1444 870 quem

299 897 416 962 Graeci
446 894 489 960 ἐπ’
521 897 682 981 αὐτοφώρῳ
712 893 901 978 appellant:
936 913 997 958 nec
1026 893 1134 957 solum
1166 894 1193 956 is
1222 892 1279 976 qui
1309 893 1342 955 in
1373 892 1445 974 ipso

296 1001 384 1064 iurto
407 999 671 1083 deprehenditur,
694 1000 751 1062 sed
775 999 876 1062 etiam
898 997 925 1060 is
947 997 1003 1080 qui
1026 1017 1066 1061 eo
1085 997 1158 1080 loco
1178 995 1445 1080 deprehenditur,

297 1125 363 1187 quo
384 1105 430 1183 fit,
445 1104 546 1167 veluti
569 1103 624 1185 qui
647 1103 680 1166 in
698 1103 799 1166 domo
821 1101 945 1166 furtum
968 1101 1046 1166 fecit
1068 1110 1102 1165 et
1124 1102 1273 1164 nondum
1294 1119 1444 1182 egressus

297 1208 429 1270 ianuam
452 1205 672 1289 deprehensus
692 1205 798 1284 suerit,
815 1214 848 1268 et
871 1205 927 1287 qui
949 1206 984 1268 in
1005 1205 1127 1268 oliveto
1150 1204 1310 1268 olivarum
1333 1213 1391 1268 aut
1411 1204 1444 1266 in

296 1311 407 1374 vineto
434 1329 570 1374 uvarum
600 1309 723 1372 furtum
752 1308 838 1386 lecit,
864 1308 1023 1390 quamdiu
1048 1309 1082 1372 in
1110 1328 1150 1372 eo
1177 1306 1299 1371 oliveto
1326 1315 1384 1370 aut
1410 1307 1441 1370 in

296 1415 408 1477 vineto
423 1413 474 1477 fur
489 1411 712 1496 deprehensus
727 1411 788 1476 sit:
812 1412 914 1475 immo
931 1411 1067 1475 ulterius
1086 1411 1210 1475 furtum
1231 1409 1443 1474 manifestum

297 1517 546 1581 extendendum
576 1527 635 1592 est,
663 1517 822 1599 quamdiu
848 1536 922 1579 eam
953 1537 1022 1579 rem
1052 1515 1104 1579 sur
1132 1525 1248 1578 tenens
1273 1515 1362 1578 visus
1391 1513 1444 1578 vel

296 1619 519 1702 deprehensus
534 1620 631 1684 luerit
646 1621 714 1684 sive
729 1620 762 1683 in
777 1619 910 1702 publico
926 1621 994 1683 sive
1012 1621 1046 1682 in
1061 1619 1188 1702 privato
1203 1617 1255 1682 vel
1272 1639 1292 1682 a
1307 1618 1444 1681 domino

294 1723 348 1787 vel
363 1723 406 1786 ab
421 1723 496 1800 alio,
513 1734 690 1806 antequam
710 1744 749 1786 eo
770 1723 960 1805 perveniret,
975 1744 1042 1806 quo
1058 1723 1201 1804 perferre
1219 1742 1257 1785 ac
1277 1721 1444 1803 deponere

296 1849 366 1892 rem
388 1828 596 1892 destinasset.
643 1828 699 1892 sed
728 1827 755 1890 si
778 1827 911 1910 pertulit
929 1848 996 1910 quo
1019 1827 1205 1902 destinavit,
1229 1826 1363 1889 tametsi
1386 1825 1443 1888 de·

295 1930 517 2014 prehendatur
546 1951 621 1994 cum
647 1951 681 1994 re
711 1931 839 2006 furtiva,
865 1952 931 1995 non
958 1941 1009 1996 est
1040 1929 1235 1993 manifestus
1265 1929 1326 1992 sur.
1381 1949 1442 1993 nec

295 2035 506 2099 manifestum
521 2035 643 2100 furtum
659 2035 738 2117 quid
759 2035 811 2112 sit,
829 2055 872 2098 ex
892 2034 1044 2118 hisquae
1060 2033 1208 2098 diximus
1224 2032 1442 2116 intellegitur:

295 2157 372 2202 nam
400 2139 488 2222 quod
516 2139 725 2204 manifestum
752 2159 819 2203 non
845 2149 907 2216 est,
932 2140 966 2202 id
993 2139 1119 2203 scilicet
1146 2158 1205 2202 nec
1233 2137 1443 2200 manifestum

265 2241 355 2308 4est.
400 2243 608 2327 Conceptum
631 2243 754 2308 furtum
774 2245 903 2321 dicitur,
926 2265 1000 2308 cum
1024 2244 1113 2325 apud
1135 2243 1281 2325 aliquem
1299 2242 1441 2306 testibus

295 2351 524 2430 praesentibus
539 2347 658 2412 furtiva
674 2369 726 2413 res
743 2349 892 2432 quaesita
915 2358 948 2412 et
971 2349 1105 2412 inventa
1126 2347 1190 2412 sit:
1214 2368 1291 2411 nam
1312 2347 1346 2410 in
1367 2367 1443 2410 eum

294 2453 426 2535 propria
448 2453 536 2516 actio
561 2453 741 2518 constituta
765 2461 823 2530 est,
850 2453 1000 2536 quamvis
1024 2451 1076 2515 iur
1102 2472 1167 2514 non
1193 2451 1245 2526 sit,
1270 2471 1355 2534 quae
1384 2470 1444 2532 ap·

294 2556 436 2638 pellatur
458 2555 618 2638 concepti.
674 2555 823 2621 oblatum
846 2556 969 2620 furtum
992 2555 1119 2632 dicitur,
1144 2575 1220 2618 cum
1245 2574 1296 2618 res
1323 2553 1443 2617 furtiva

294 2800 351 2837 was
364 2783 508 2853 approved
520 2784 558 2850 hy
569 2783 673 2848 Labe0,
686 2783 743 2837 and
756 2786 922 2854 apparently
931 2785 970 2854 by
980 2786 1092 2854 Paulus,
1107 2786 1185 2840 Serv.
1195 2786 1233 2840 ad
1245 2787 1329 2855 Verg.
1339 2786 1441 2854 Georg.

293 2865 330 2921 iii.
344 2881 396 2936 405
410 2887 417 2934 ;
435 2867 496 2922 that
509 2866 581 2919 from
594 2867 602 2894 ‘
610 2866 700 2919 iraus'
712 2882 769 2920 was
789 2869 941 2936 suggested
953 2868 992 2938 by
1004 2868 1144 2924 Sabinus:
1164 2869 1224 2940 φώρ
1243 2867 1267 2924 is
1286 2868 1443 2924 connected

293 2949 360 3005 with
372 2953 464 3022 φέρειν
476 2949 503 3003 in
517 2965 595 3003 more
608 2949 677 3002 than
690 2964 744 3003 one
757 2950 804 3003 old
817 2950 893 3004 work
906 2967 943 3004 on
956 2953 1127 3022 etymology.

330 3033 389 3105 §a
408 3035 471 3088 The
491 3033 588 3104 jurists
613 3049 690 3087 seem
711 3041 740 3086 to
761 3034 833 3088 have
854 3033 972 3089 differed
992 3051 1024 3089 as
1046 3046 1076 3089 to
1098 3038 1146 3090 the
1168 3045 1229 3091 true
1249 3034 1395 3090 definition
1414 3035 1447 3089 os

292 3118 397 3172 furtum
414 3117 614 3182 manifestum
634 3114 722 3170 Gaius
742 3115 789 3186 (iii.
808 3117 868 3188 184)
882 3118 960 3188 gives
974 3119 1081 3173 several
1095 3118 1237 3189 proposed
1250 3128 1329 3187 tests,
1345 3135 1400 3174 one
1413 3119 1446 3173 of

293 3201 385 3256 which
398 3201 457 3271 (the
471 3199 578 3269 finding
591 3199 624 3254 oi
632 3200 680 3254 the
692 3199 766 3255 thiel
774 3211 803 3256 at
816 3217 872 3271 any
884 3201 953 3258 time
966 3201 1031 3258 with
1044 3203 1093 3258 the
1106 3204 1197 3257 stolen
1210 3213 1343 3273 property
1356 3201 1384 3256 in
1397 3201 1442 3257 his

292 3287 386 3340 actual
398 3283 570 3356 possession,
583 3301 643 3340 rem
659 3283 771 3354 tenens)
785 3286 821 3341 he
833 3303 899 3356 says
912 3303 969 3341 was
982 3287 1126 3356 generally
1136 3285 1261 3357 rejected
1274 3307 1281 3352 ;
1300 3285 1381 3340 while
1393 3286 1442 3342 the

292 3368 483 3440 qualification
496 3367 530 3422 oi
543 3367 599 3422 this
612 3366 680 3422 with
692 3367 782 3422 which
802 3368 943 3439 Justinian
960 3370 1062 3440 adopts
1076 3369 1096 3424 it
1110 3368 1182 3438 (that
1195 3370 1231 3424 he
1244 3379 1319 3424 must
1332 3379 1382 3424 not
1394 3375 1442 3438 yet

291 3453 364 3508 have
384 3451 530 3522 conveyed
555 3451 576 3506 it
600 3451 693 3506 where
717 3452 754 3506 he
778 3451 934 3522 intended),
959 3454 1067 3524 though
1094 3453 1231 3523 accepted
1254 3453 1293 3522 by
1318 3453 1441 3508 Sabinus

292 3537 412 3606 <Gellius
432 3551 458 3606 9.
478 3535 519 3591 18.
542 3533 585 3603 1.),
607 3535 712 3590 caused
734 3535 870 3606 difficulty
887 3546 917 3591 to
938 3536 1027 3592 Gaius
1044 3535 1128 3607 ‘quia
1146 3536 1296 3590 videbatur
1315 3535 1440 3606 aliquam

291 3621 440 3676 admittere
459 3618 674 3687 dubitationem,
693 3619 775 3674 unius
795 3619 850 3675 diei
868 3638 905 3675 an
924 3621 1011 3676 etiam
1031 3619 1152 3690 plurium
1171 3620 1280 3675 dierum
1299 3620 1392 3689 spatio
1411 3619 1441 3674 id

291 3705 500 3760 terminandum
513 3702 549 3758 sit
561 3719 568 3770 ;
587 3703 663 3773 quod
671 3719 706 3756 eo
716 3703 845 3771 pertinet,
856 3704 923 3774 quia
935 3720 1022 3774 saepe
1034 3703 1062 3758 in
1076 3703 1139 3758 aliis
1151 3703 1312 3758 civitatibus
1325 3703 1441 3773 subrep-

291 3798 335 3842 tas
354 3805 399 3843 res
417 3787 447 3842 in
465 3785 536 3841 alias
554 3785 683 3841 civitates
701 3786 745 3839 vel
767 3785 796 3840 in
819 3786 889 3840 alias
910 3785 1070 3856 provincias
1095 3786 1218 3842 destinat
1236 3785 1281 3841 fur
1301 3787 1443 3856 perferre!

292 3871 396 3925 Paulus
413 3879 476 3940 gets
494 3885 562 3924 over
579 3868 636 3924 this
654 3869 693 3938 by
711 3868 820 3938 strictly
838 3869 960 3939 limiting
979 3870 1027 3924 the
1045 3869 1132 3926 time:
1158 3870 1230 3942 ‘quo
1249 3871 1440 3926 destinaverat

291 3952 354 4022 quis
367 3953 492 4008 auferre'
510 3951 551 4006 sic
570 3949 766 4022 accipiendum
780 3962 831 4021 est,
847 3953 920 4023 ‘quo
937 3952 1127 4008 destinaverat
1141 3971 1175 4008 eo
1189 3953 1235 4008 die
1247 3971 1362 4008 manere
1375 3971 1440 4008 cum

290 4051 325 4089 eo
337 4035 427 4090 furto³
446 4035 512 4104 Dig.
525 4048 567 4102 47.
582 4049 607 4090 a.
620 4050 646 4102 4.
683 4035 851 4106 Praetically
869 4035 1033 4106 Justinian's
1052 4037 1198 4092 definition
1217 4037 1250 4091 oi
1264 4039 1312 4093 the
1331 4037 1440 4092 offence

290 4135 347 4172 was
360 4118 497 4188 accepted
511 4117 539 4172 in
551 4119 600 4172 the
612 4117 681 4173 time
694 4119 727 4172 oi
736 4117 853 4206 Gaius.w

324 4203 366 4255 As
385 4217 403 4256 a
420 4201 488 4269 rule,
501 4211 589 4257 arrest
604 4201 813 4272 (deprehensio)
827 4204 920 4258 actual
940 4219 972 4258 or
988 4203 1146 4276 attempted
1164 4221 1221 4260 was
1240 4220 1393 4274 necessary
1410 4213 1440 4260 to

290 4284 441 4340 constitute
453 4284 557 4339 lurtum
570 4285 767 4350 manifestum
788 4286 809 4342 it
827 4303 884 4342 was
897 4297 947 4342 not
960 4288 1073 4356 enough
1086 4287 1192 4356 merely
1205 4297 1234 4342 to
1247 4303 1295 4343 see
1308 4289 1356 4343 the
1369 4287 1444 4343 thies
1638 4347 1639 4368 χ

289 4369 317 4424 in
330 4369 379 4425 the
392 4369 574 4424 commission
587 4370 620 4424 of
633 4371 682 4426 the
701 4381 746 4426 act
765 4387 797 4424 or
809 4370 876 4426 with
893 4371 942 4426 the
959 4371 1051 4427 stolen
1063 4371 1154 4442 goods
1168 4371 1196 4426 in
1209 4371 1254 4426 his
1267 4371 1439 4442 possession,
1638 4371 1639 4428 l

288 4451 411 4522 Dig.47.
426 4465 489 4521 a.7.
505 4468 515 4508 1
532 4454 628 4510 anda.
1638 4461 1639 4466 ’

324 4536 382 4605 §4
401 4537 464 4592 The
476 4537 591 4608 penalty
603 4537 646 4592 ior
662 4535 766 4594 lurtum
785 4545 954 4609 conceptum
972 4537 1029 4594 and
1042 4537 1168 4594 oblatum
1181 4555 1238 4593 was
1253 4537 1326 4594 iixed
1339 4537 1439 4608 hythe
