3286 5144
250 343 302 396 Tit.
314 340 364 407 ιι]
494 339 555 395 DE
576 339 632 397 EO
656 340 730 396 CUI
746 337 905 396 LIBERT
903 343 964 396 ΑΤ
962 343 1011 415 IS,
1034 344 1093 397 ET
1093 343 1125 400 C.
1172 339 1176 344 ’
1337 351 1398 423 373

797 589 859 654 XI,

324 767 374 818 nn
399 768 446 819 no
469 767 533 820 cm
556 767 776 816 nmnnrnrrs
799 766 921 820 cnvsn
946 767 1045 818 noun
1068 768 1324 821 nun1cuwrun.

293 915 446 982 Accessit
477 939 580 982 novus
617 940 712 983 casus
748 918 964 982 successionis
994 939 1039 982 ex
1068 921 1303 985 constitutione
1332 919 1398 984 divi

251 1021 365 1086 Marci.
411 1043 488 1086 narn
519 1023 546 1087 si
580 1023 623 1100 hi,
650 1025 706 1106 qui
730 1022 918 1086 libertatern
942 1035 1139 1107 acceperunt
1162 1046 1183 1089 a
1206 1025 1342 1089 domino
1366 1025 1399 1087 in

250 1136 461 1203 testamento,
489 1149 533 1190 ex
564 1149 630 1210 quo
661 1147 726 1190 non
757 1127 867 1190 aditur
892 1126 1068 1204 hereditas,
1092 1128 1195 1194 velint
1223 1130 1311 1193 bona
1337 1128 1399 1192 sibi

248 1231 358 1294 addici
385 1231 586 1295 libertatium
611 1233 908 1295 conservandarum
936 1252 1043 1310 causa,
1065 1234 1252 1297 audiuntur.
1298 1242 1331 1296 et
1354 1233 1400 1296 ita

249 1335 407 1417 rescripto
431 1336 497 1399 divi
520 1335 624 1400 Marci
647 1336 690 1398 ad
713 1333 877 1416 Popilium
901 1334 1025 1398 Rufum
1049 1338 1244 1401 continetur.
1288 1335 1428 1399 Verbal

249 1438 397 1519 rescripti
422 1440 468 1503 ita
486 1459 521 1502 se
544 1439 686 1503 habent:
716 1437 774 1503 ‘Si
789 1438 937 1520 Virginio
952 1437 1094 1514 Valenti,
1116 1440 1173 1521 qui
1197 1447 1400 1503 testamento

249 1563 309 1605 suo
335 1542 524 1606 libertatem
550 1543 750 1626 quibusdam
775 1543 958 1625 adscripsit,
985 1544 1116 1606 nemine
1142 1564 1330 1607 successore
1355 1543 1399 1606 ab

249 1646 407 1709 intestato
423 1647 588 1711 existente
610 1647 643 1710 in
667 1667 706 1710 ea
727 1667 826 1710 causa
841 1646 930 1710 bona
949 1667 1021 1710 esse
1041 1655 1229 1728 coeperunt,
1246 1657 1282 1710 ut
1297 1647 1399 1710 veniri

250 1749 413 1816 debeant:
437 1751 463 1814 is
479 1753 571 1815 cuius
586 1753 628 1815 de
644 1771 683 1816 ea
699 1773 733 1815 re
749 1751 840 1814 notio
861 1760 911 1814 est
932 1751 1043 1814 aditus
1066 1751 1226 1814 rationem
1245 1750 1398 1814 desiderii

249 1853 298 1916 tui
324 1853 469 1930 habebit,
494 1864 531 1918 ut
558 1855 758 1919 libertatium
785 1863 855 1917 tarn
882 1874 1004 1929 earum,
1028 1874 1114 1936 quae
1141 1855 1274 1930 directo,
1297 1873 1398 1935 quarn

248 1977 372 2032 earum,
398 1978 485 2040 quae
508 1979 567 2041 per
593 1959 737 2042 speciem
766 1957 1010 2022 fideicommissi
1036 1957 1169 2021 relictae
1195 1965 1280 2034 sunt,
1303 1965 1399 2019 tuen·

249 2060 366 2122 darum
389 2063 496 2142 gratia
522 2063 718 2126 addicantur
743 2060 813 2140 tibi,
837 2061 864 2124 si
891 2061 1011 2124 idonee
1034 2060 1248 2124 creditoribus
1274 2059 1399 2123 caveris

249 2165 292 2228 de
321 2165 428 2228 solido
458 2167 548 2248 quod
583 2167 701 2249 cuique
731 2166 872 2229 debetur
901 2165 1070 2228 solvendo.
1125 2174 1158 2228 et
1190 2163 1224 2228 hi
1253 2163 1399 2246 quidem,

249 2270 368 2351 quibus
393 2271 517 2336 directa
544 2271 679 2336 libertas
705 2273 784 2336 data
811 2280 871 2348 est,
896 2271 1032 2352 perinde
1058 2269 1151 2332 liberi
1178 2279 1282 2343 erunt,
1306 2288 1345 2333 ac
1372 2268 1399 2331 si

249 2373 415 2438 hereditas
430 2376 522 2440 adita
537 2386 643 2440 esset:
667 2375 701 2440 hi
716 2384 838 2449 autem,
855 2395 938 2457 quos
954 2374 1049 2438 heres
1069 2382 1203 2457 rogatus
1218 2383 1268 2437 est
1284 2393 1401 2436 manu·

250 2479 387 2554 mittere,
415 2502 435 2544 a
467 2489 501 2544 te
532 2481 719 2544 libertatem
751 2488 1013 2562 consequantur:
1047 2480 1093 2543 ita
1119 2488 1157 2542 ut
1182 2479 1209 2542 si
1236 2498 1302 2540 non
1335 2476 1400 2541 alia

248 2584 441 2648 condicione
459 2584 541 2648 velis
564 2584 652 2648 bona
674 2584 734 2648 tibi
758 2584 876 2661 addici,
894 2603 994 2666 quarn
1016 2591 1053 2646 ut
1076 2583 1176 2646 etiarn
1196 2582 1253 2664 qui
1274 2581 1399 2646 directo

248 2684 438 2751 libertatem
454 2697 652 2771 acceperunt
670 2688 718 2753 tui
742 2688 850 2751 liberti
875 2687 964 2763 fiant,
981 2707 1058 2750 narn
1074 2685 1150 2750 huic
1166 2687 1267 2750 etiam
1283 2683 1399 2748 volun-

248 2792 309 2856 tati
336 2801 423 2867 tuae,
451 2794 478 2856 si
509 2793 531 2855 ii
557 2794 600 2856 de
629 2812 770 2875 quorum
797 2801 886 2856 statu
913 2791 1023 2873 agitur
1048 2789 1264 2866 consentiant,
1286 2798 1400 2852 aucto·

248 2895 381 2959 ritatem
407 2906 554 2960 nostram
581 2896 880 2961 accommodamus.
926 2905 959 2958 et
986 2915 1028 2958 ne
1058 2893 1155 2956 huius
1180 2892 1400 2974 rescriptionis

249 3009 380 3062 nostrae
399 3000 660 3064 emolumenturn
682 3000 748 3066 alia
770 3000 897 3062 ratione
921 2999 1046 3061 irritum
1070 2997 1138 3076 fiat,
1153 2995 1180 3059 si
1200 2995 1296 3059 fiscus
1311 2995 1400 3058 bona

247 3121 427 3184 agnoscere
443 3103 602 3169 voluerit:
638 3113 671 3168 et
695 3103 729 3167 hi
751 3104 807 3186 qui
833 3104 930 3166 rebus
953 3103 1072 3166 nostris
1094 3100 1272 3164 attendunt
1295 3100 1399 3162 scient

247 3210 425 3272 commodo
451 3209 640 3291 pecuniario
666 3208 916 3292 praeferendam
941 3206 1105 3269 libertatis
1131 3225 1264 3268 causam
1292 3213 1326 3267 et
1352 3204 1399 3268 ita

247 3312 335 3375 bona
364 3315 521 3396 cogenda,
552 3323 589 3377 ut
618 3314 753 3378 libertas
782 3313 833 3374 his
863 3310 954 3374 salva
984 3311 1036 3384 sit,
1067 3309 1124 3391 qui
1156 3329 1230 3371 eam
1259 3309 1397 3390 adipisci

248 3427 435 3496 potuerunt,
464 3418 492 3480 si
522 3417 688 3482 hereditas
726 3437 769 3480 ex
803 3422 1004 3478 testamento
1034 3413 1125 3474 adita
1162 3410 1269 3474 esset!
1322 3411 1428 3476 Hoc2

248 3522 404 3603 rescripto
425 3523 624 3586 subventum
648 3531 698 3586 est
720 3530 754 3584 et
776 3517 983 3582 libertatibus
1007 3525 1040 3579 et
1063 3513 1235 3588 defunctis,
1252 3534 1294 3576 ne
1309 3513 1398 3577 bona

248 3645 361 3688 eorum
379 3647 399 3689 a
415 3627 631 3690 creditoribus
649 3625 878 3708 possideantur
893 3631 926 3685 et
941 3628 1092 3684 veneant.
1132 3627 1219 3681 certe
1234 3618 1260 3680 si
1277 3615 1398 3680 luerint

282 3895 342 3946 unt.
354 3895 413 3946 XI.
427 3890 440 3962 ξ
454 3893 477 3946 L
498 3892 560 3946 The
579 3900 669 3946 estate
682 3889 774 3944 would
792 3889 828 3942 be
846 3885 989 3956 adjudged
1001 3895 1031 3940 to
1048 3885 1096 3939 the
1115 3881 1259 3952 creditos,
1273 3881 1301 3936 in
1314 3881 1398 3936 order

247 3985 277 4030 to
290 3975 326 4030 be
339 3976 402 4031 sold
415 3975 443 4030 in
457 3975 632 4030 satisfaction
645 3974 678 4028 oi
691 3972 764 4028 their
776 3972 884 4039 claims,
897 3971 963 4039 only
976 3968 1047 4024 alter
1059 3968 1145 4037 being
1161 3965 1284 4036 rejected
1296 3965 1334 4034 by
1347 3966 1396 4020 the

247 4058 375 4128 instituti,
389 4061 425 4113 all
439 4059 487 4114 the
506 4059 638 4113 intestate
656 4057 740 4125 heirs,
753 4056 810 4110 and
829 4057 877 4110 the
891 4055 984 4108 fiscus.
1021 4053 1083 4106 The
1101 4049 1218 4120 rescript
1239 4049 1271 4103 ol
1284 4049 1325 4102 M.
1338 4049 1396 4103 Au·

246 4143 331 4198 relius
353 4160 446 4198 seems
469 4153 498 4198 to
518 4143 589 4197 have
608 4139 818 4210 contemplated
836 4139 903 4207 only
921 4135 1046 4192 addictio
1065 4145 1094 4190 to
1113 4150 1167 4189 one
1186 4133 1218 4187 os
1232 4133 1281 4188 the
1304 4133 1396 4186 slaves

247 4227 435 4282 manumitted
453 4227 492 4296 by
504 4227 552 4282 the
565 4225 619 4280 will
633 4224 769 4295 (Popilius
784 4223 874 4277 Rufus
892 4219 978 4290 being
996 4217 1032 4275 cir
1046 4224 1097 4272 τῶν
1108 4219 1239 4287 τυχόντων
1250 4215 1397 4285 ἐλευθερίας

247 4311 275 4364 ἐν
292 4312 323 4380 τῇ
343 4311 448 4380 διαθήκῃ
462 4311 647 4382 Theophilus)
660 4327 667 4377 ;
687 4308 813 4364 Gordian
830 4305 981 4377 permitted
995 4305 1015 4359 lt
1028 4315 1057 4359 to
1070 4305 1106 4358 be
1121 4302 1205 4357 made
1224 4312 1253 4357 to
1272 4315 1328 4371 any
1341 4317 1395 4357 one

247 4395 310 4449 who
323 4395 416 4449 would
434 4395 498 4466 give
515 4397 564 4451 the
583 4393 705 4464 security
718 4392 769 4448 ‘de
788 4392 879 4447 solido
897 4389 974 4461 quod
993 4387 1093 4460 cuique
1112 4386 1231 4442 debetur
1243 4385 1396 4455 solvendo,’

248 4478 319 4534 Cod.
333 4492 357 4547 7.
372 4493 396 4534 2.
409 4479 434 4535 6.
