3310 5218
229 347 278 396 m.
293 342 328 409 r]
570 343 631 397 ba
651 343 805 398 RERUM
822 342 1054 400 DJVJSJONE.
1318 353 1378 420 199

230 503 297 570 Sed
321 506 348 570 si
370 505 480 589 gregis
495 527 591 570 usum
606 507 749 570 fructum
765 507 838 589 quis
858 505 990 584 habeat,
1007 508 1039 572 in
1056 507 1164 572 locum
1187 506 1377 572 demortuo·
1390 523 1426 580 33

229 631 300 672 rum
332 612 479 692 capitum
509 632 554 674 ex
584 611 654 674 fetu
685 610 880 675 fructuarius
910 613 1117 678 summittere
1143 611 1252 690 debet,
1279 621 1316 676 ut
1343 621 1377 677 et

229 713 358 777 Iuliano
378 716 485 777 visum
506 724 565 793 est,
585 725 619 778 et
639 717 673 778 in
693 716 863 778 vinearum
887 716 1134 781 demortuarum
1149 714 1201 780 vel
1221 715 1375 779 arborum

227 817 336 882 locum
351 817 434 880 alias
445 819 548 883 debet
560 819 767 882 substituere.
798 828 886 882 recte
899 821 986 883 enim
999 819 1106 884 colere
1118 819 1218 884 debet
1233 829 1267 884 et
1283 819 1376 902 quasi

226 921 333 984 bonus
348 931 443 1004 pater
460 922 601 987 familias
616 924 663 986 uti
680 923 790 986 debet.

268 1023 468 1102 Thesauros,
486 1047 570 1108 quos
586 1027 660 1108 quis
675 1027 708 1088 in
724 1047 784 1090 suo
799 1025 873 1090 loco
889 1027 1056 1102 invenerit,
1073 1027 1167 1092 divus
1185 1025 1375 1092 Hadrianus
1389 1033 1424 1092 ³9

226 1128 410 1191 naturalem
422 1131 626 1211 aequitatem
639 1139 771 1193 secutus
787 1131 817 1192 ei
832 1131 992 1194 concessit
1004 1131 1060 1213 qui
1073 1131 1241 1195 invenerit.
1271 1130 1376 1194 idern·

224 1251 289 1312 que
304 1233 430 1310 statuit,
446 1234 473 1295 si
497 1234 571 1314 quis
591 1234 623 1295 in
645 1253 737 1296 sacro
755 1241 813 1296 aut
832 1235 865 1296 in
889 1233 1041 1316 religioso
1056 1233 1130 1298 loco
1145 1233 1281 1298 fortuito
1297 1253 1374 1300 casu

225 1336 395 1400 invenerit.
426 1345 461 1400 at
477 1337 505 1398 si
520 1339 593 1419 quis
609 1338 642 1400 in
659 1337 769 1402 alieno
785 1337 858 1400 loco
874 1357 939 1401 non
956 1337 1035 1400 data
1051 1338 1093 1402 ad
1109 1337 1172 1402 hoc
1190 1357 1300 1420 opera,
1314 1338 1374 1404 sed

223 1437 360 1502 fortuitu
385 1441 552 1518 invenerit,
568 1440 742 1505 dimidium
763 1441 900 1504 domino
922 1441 983 1504 soli
1003 1441 1173 1506 concessit.
1204 1447 1238 1504 et
1257 1460 1374 1506 conve·

223 1543 359 1616 nienter,
376 1544 403 1605 si
419 1544 492 1625 quis
508 1544 541 1604 in
559 1541 710 1610 Caesaris
726 1542 799 1607 loco
815 1545 984 1622 invenerit,
997 1545 1171 1608 dimidium
1188 1544 1374 1623 inventoris,

223 1645 399 1708 dimidium
417 1644 570 1710 Caesaris
586 1667 657 1712 esse
673 1648 799 1711 statuit.
830 1648 882 1710 cui
905 1649 1101 1712 conveniens
1118 1655 1177 1722 est,
1194 1655 1239 1724 ut,
1257 1648 1373 1730 siquis

221 1749 254 1810 in
285 1749 419 1830 publico
449 1749 523 1813 loco
548 1751 603 1814 vel
633 1750 735 1815 fiscali
765 1752 934 1827 invenerit,
963 1753 1136 1816 dimidium
1164 1749 1264 1832 ipsius
1291 1771 1372 1824 esse,

221 1852 395 1916 dimidium
419 1852 489 1916 fisci
511 1853 563 1916 vel
587 1855 739 1918 civitatis.

266 1955 329 2018 Per
343 1955 556 2020 traditionem
573 1977 705 2038 quoque
721 1959 789 2021 iure
801 1956 943 2022 naturali
959 1977 1010 2022 res
1026 1955 1120 2018 nobis
1135 1954 1370 2036 adquiruntur:
1384 1957 1421 2020 40

221 2057 302 2121 nihil
318 2060 404 2121 enim
421 2069 492 2123 tam
507 2061 705 2123 conveniens
724 2070 774 2125 est
798 2058 938 2124 naturali
958 2058 1125 2142 aequitati,
1141 2077 1241 2139 quam
1256 2057 1370 2121 volun-

220 2171 324 2226 tatem
349 2163 483 2240 domini,
502 2162 644 2227 volentis
668 2185 737 2228 rent
761 2185 854 2228 suam
878 2165 910 2228 in
934 2163 1034 2228 alium
1058 2161 1240 2236 transferre,
1265 2171 1371 2226 ratam

218 2264 343 2329 haberi.
374 2276 408 2330 et
431 2268 508 2330 ideo
530 2269 766 2351 cuiuscumque
788 2269 917 2350 generis
939 2270 982 2332 sit
1006 2265 1183 2350 corporalis
1204 2287 1266 2342 res,
1282 2266 1371 2330 tradi

219 2379 331 2452 potest
344 2380 407 2434 eta
419 2370 555 2434 domino
567 2373 689 2436 tradita
701 2373 872 2437 alienatur.
895 2373 1008 2456 itaque
1018 2371 1230 2454 stipendiaria
1240 2390 1372 2453 quoque

217 2635 256 2702 by
268 2633 361 2688 which
380 2633 404 2687 is
424 2644 519 2689 meant
539 2634 587 2688 the
606 2645 701 2688 return
721 2635 805 2689 made
818 2635 861 2689 for
874 2637 922 2690 the
939 2653 989 2691 use
1005 2635 1039 2690 of
1053 2653 1070 2690 a
1087 2652 1131 2690 res
1145 2634 1255 2690 aliena:
1275 2634 1371 2704 ‘prae-

217 2718 328 2772 diorum
347 2718 518 2772 urbanorum
536 2717 689 2788 pensiones
709 2735 760 2788 pro
779 2718 915 2773 fructibus
934 2718 1124 2789 accipiuntur’
1146 2718 1212 2788 Dig.
1232 2733 1274 2773 22.
1292 2733 1311 2772 1.
1327 2718 1370 2786 36,

216 2801 382 2856 ‘mercedes
401 2802 486 2871 plane
500 2818 517 2855 a
530 2801 639 2855 colonis
653 2811 788 2871 acceptae
801 2803 864 2856 loco
879 2813 943 2857 sunt
956 2803 1096 2857 fructuum
1110 2821 1115 2856 :
1135 2819 1239 2872 operae
1258 2818 1370 2872 quoque

217 2901 362 2940 servorum
387 2883 416 2937 in
442 2884 543 2938 eadem
566 2893 647 2938 erunt
673 2901 767 2954 causa,
793 2901 850 2956 qua
875 2895 939 2940 sunt
965 2885 1135 2956 pensiones;
1163 2883 1231 2939 item
1255 2894 1371 2938 vectura

215 2968 330 3022 navium
344 2979 372 3022 et
385 2967 589 3022 iumentorum’
608 2967 675 3037 Dig.
687 2980 708 3037 5.
724 2983 749 3038 3.
757 2983 800 3038 29,
820 2968 938 3025 ‘usurae
957 2970 1049 3025 vicem
1067 2970 1207 3024 fructuum
1226 2967 1370 3022 obtinent'

217 3051 284 3121 Dig.
297 3065 340 3105 22.
359 3067 380 3106 r.
396 3066 440 3119 34.

253 3132 329 3204 §8st
350 3135 515 3188 Thesaurus
538 3132 562 3186 is
585 3132 698 3188 defined
723 3149 755 3187 as
780 3133 876 3190 ‘vetus
898 3135 1039 3206 quaedam
1061 3133 1201 3206 depositio
1222 3131 1369 3204 pecuniae,

215 3217 296 3272 cuius
311 3235 370 3272 non
384 3227 460 3272 extat
473 3217 619 3287 memoria,
633 3228 663 3272 ut
677 3217 734 3271 iam
751 3217 899 3273 dominum
918 3237 975 3273 non
995 3219 1108 3288 habeat,
1122 3219 1163 3273 sic
1176 3217 1250 3274 enim
1265 3217 1295 3272 fit
1308 3215 1368 3272 eius

216 3301 263 3371 qni
284 3301 430 3370 invenerit,
448 3301 524 3372 quod
544 3319 601 3355 non
622 3301 737 3356 alterius
758 3301 814 3356 sit:
838 3301 962 3371 alioquin
984 3301 1007 3356 si
1028 3301 1091 3371 quis
1110 3300 1217 3372 aliquid
1237 3301 1280 3354 vel
1299 3300 1367 3356 lucri

215 3401 310 3453 causa,
323 3386 368 3440 vel
386 3396 488 3454 metus,
502 3385 546 3439 vel
565 3385 712 3440 custodiae
727 3385 885 3439 condiderit
903 3385 956 3438 sub
976 3394 1057 3451 terra,
1071 3401 1128 3438 non
1147 3395 1191 3440 est
1209 3385 1367 3452 thesaurus

215 3469 294 3524 cuius
307 3469 393 3523 etiarn
406 3469 510 3523 furtum
523 3470 581 3522 est’
601 3468 666 3538 Dig.
681 3483 724 3535 41.
745 3483 765 3522 1.
781 3482 862 3535 31.1.
901 3467 930 3519 If
938 3468 964 3520 A
977 3466 1065 3520 found
1084 3483 1101 3520 a
1119 3477 1244 3520 treasure
1264 3483 1301 3520 on
1321 3469 1368 3522 B's

214 3553 282 3607 land
295 3552 443 3607 otherwise
461 3553 529 3606 than
549 3553 587 3621 by
600 3552 730 3606 accident
750 3551 771 3606 it
790 3549 931 3619 belonged
950 3550 1108 3618 altogether
1120 3559 1150 3603 to
1164 3551 1197 3603 B.
1236 3551 1261 3602 It
1275 3549 1368 3604 would

215 3652 293 3690 seem
313 3637 374 3691 that
394 3638 443 3690 the
464 3635 584 3705 English
609 3637 677 3704 rule,
697 3634 788 3689 which
808 3645 884 3689 vests
907 3643 1123 3689 treasure-trove
1145 3631 1174 3686 in
1196 3632 1244 3686 the
1266 3633 1367 3688 Crown

216 3720 243 3788 (3
259 3721 328 3774 Inst.
346 3719 415 3788 132),
428 3735 485 3773 was
498 3719 673 3774 established
692 3719 753 3773 also
772 3729 800 3774 at
820 3721 912 3773 Rome
925 3729 953 3773 at
967 3734 1046 3772 some
1059 3716 1127 3771 time
1140 3716 1211 3771 after
1223 3716 1271 3770 the
1284 3715 1367 3786 legis·

214 3803 302 3858 lation
315 3804 347 3858 of
358 3802 488 3857 Hadrian
501 3803 624 3857 referred
637 3814 666 3857 to
680 3803 708 3856 in
722 3804 770 3858 the
784 3813 842 3858 text
858 3803 912 3872 (ior
925 3801 1017 3856 which
1035 3802 1070 3857 cf.
1085 3800 1260 3872 Spartianus,
1275 3800 1365 3856 Hadr.

217 3885 279 3954 18);
298 3887 363 3940 thus
381 3886 401 3941 it
420 3885 444 3940 is
461 3885 626 3941 mentioned
645 3903 677 3940 as
697 3902 714 3939 a
733 3886 839 3956 special
858 3897 904 3940 act
923 3887 956 3942 of
970 3903 1055 3956 grace
1073 3903 1110 3940 on
1128 3885 1176 3940 the
1189 3893 1251 3956 part
1270 3883 1303 3936 of
1317 3884 1366 3940 the

214 3971 355 4040 Emperor
375 3970 537 4024 Alexander
558 3971 619 4024 that
645 3970 680 4024 he
705 3969 858 4039 permitted
882 3971 1030 4026 thesaurus
1053 3981 1083 4025 to
1104 3969 1141 4024 be
1165 3969 1232 4039 kept
1257 3966 1366 4036 hythe

214 4053 311 4109 finder.
350 4054 481 4123 Possibly
494 4053 515 4108 it
528 4071 585 4108 was
598 4054 647 4108 the
661 4055 856 4109 concealment
870 4055 902 4110 of
911 4055 980 4109 such
1001 4053 1172 4110 discoveries
1185 4051 1276 4106 which
1290 4061 1365 4108 must

214 4139 287 4193 have
305 4139 430 4194 resulted
443 4139 515 4192 from
529 4137 584 4192 this
598 4136 733 4208 privilege
752 4139 785 4192 of
800 4140 848 4193 the
867 4139 951 4194 fiscus
965 4139 1026 4194 that
1045 4138 1091 4193 led
1106 4147 1136 4192 to
1157 4133 1365 4191 Constantine's

213 4223 327 4290 general
337 4233 500 4278 enactment
513 4221 596 4292 (Cod.
607 4221 715 4276 Theod.
729 4237 768 4276 10.
783 4223 822 4278 18.
835 4223 859 4290 1)
871 4222 1029 4292 rewarding
1038 4223 1086 4276 the
1096 4221 1186 4276 finder
1195 4219 1261 4274 with
1270 4235 1287 4273 a
1297 4219 1365 4275 half.

216 4305 369 4360 Hadrian’s
382 4308 441 4361 rule
455 4323 512 4360 was
525 4304 743 4360 re-established
755 4306 793 4376 by
804 4308 870 4376 Leo,
884 4306 978 4361 whose
992 4303 1175 4360 constitution
1187 4303 1292 4374 passed
1304 4302 1365 4361 into

213 4389 261 4444 the
274 4389 433 4460 legislation
447 4389 479 4444 of
487 4389 636 4459 Justinian‚
651 4389 721 4444 Cod.
738 4405 775 4445 10.
794 4403 834 4460 15.

250 4469 329 4542 §40.
348 4475 375 4528 Α
397 4473 458 4528 fifth
480 4473 590 4528 natural
612 4473 697 4528 mode
719 4473 752 4529 of
767 4472 936 4545 acquisition
958 4472 983 4529 is
1002 4470 1126 4543 traditio,
1147 4472 1216 4529 bare
1238 4473 1364 4544 delivery
