<?xml version="1.0" encoding="UTF-8"?>
<!DOCTYPE html PUBLIC "-//W3C//DTD XHTML 1.0 Transitional//EN"
    "http://www.w3.org/TR/xhtml1/DTD/xhtml1-transitional.dtd">
<html xmlns="http://www.w3.org/1999/xhtml" xml:lang="en" lang="en">
 <head>
  <title>
</title>
<meta http-equiv="Content-Type" content="text/html;charset=utf-8" />
  <meta name='ocr-system' content='tesseract 3.04.00' />
  <meta name='ocr-capabilities' content='ocr_page ocr_carea ocr_par ocr_line ocrx_word'/>
</head>
<body>
  <div class='ocr_page' id='page_1' title='image "./imperatorisiust02goog_0281.png"; bbox 0 0 3274 5152; ppageno 0'>
   <div class='ocr_carea' id='block_1_1' title="bbox 281 378 1431 464">
    <p class='ocr_par' dir='ltr' id='par_1_1' title="bbox 281 378 1431 464">
     <span class='ocr_line' id='line_1_1' title="bbox 281 378 1431 464; baseline 0.003 -18"><span class='ocrx_word' id='word_1_1' title='bbox 281 378 344 446; x_wconf 82' lang='lat'><strong>268</strong></span> <span class='ocrx_word' id='word_1_2' title='bbox 481 391 831 447; x_wconf 83' lang='lat' dir='ltr'>INSTITUTIONUM</span> <span class='ocrx_word' id='word_1_3' title='bbox 847 391 968 446; x_wconf 88' lang='lat' dir='ltr'><em>LIBRI</em></span> <span class='ocrx_word' id='word_1_4' title='bbox 986 391 1221 464; x_wconf 82' lang='lat' dir='ltr'><em>QUATTUOR.</em></span> <span class='ocrx_word' id='word_1_5' title='bbox 1319 394 1431 462; x_wconf 64' lang='lat' dir='ltr'><strong>[Iun.</strong></span> 
     </span>
    </p>
   </div>
   <div class='ocr_carea' id='block_1_2' title="bbox 280 550 1436 2088">
    <p class='ocr_par' dir='ltr' id='par_1_2' title="bbox 280 550 1436 2088">
     <span class='ocr_line' id='line_1_2' title="bbox 281 550 1431 636; baseline 0.006 -22"><span class='ocrx_word' id='word_1_6' title='bbox 281 550 437 616; x_wconf 91' lang='lat' dir='ltr'><strong>infirmari</strong></span> <span class='ocrx_word' id='word_1_7' title='bbox 458 563 708 630; x_wconf 88' lang='lat' dir='ltr'><strong>testamentum,</strong></span> <span class='ocrx_word' id='word_1_8' title='bbox 724 553 814 636; x_wconf 90' lang='lat' dir='ltr'><strong>quod</strong></span> <span class='ocrx_word' id='word_1_9' title='bbox 835 563 951 636; x_wconf 91' lang='lat' dir='ltr'><strong>postea</strong></span> <span class='ocrx_word' id='word_1_10' title='bbox 971 564 1112 622; x_wconf 89' lang='lat' dir='ltr'><strong>testator</strong></span> <span class='ocrx_word' id='word_1_11' title='bbox 1126 555 1160 619; x_wconf 96' lang='lat' dir='ltr'><strong>id</strong></span> <span class='ocrx_word' id='word_1_12' title='bbox 1180 554 1287 622; x_wconf 90' lang='lat' dir='ltr'><strong>noluit</strong></span> <span class='ocrx_word' id='word_1_13' title='bbox 1301 553 1431 621; x_wconf 88' lang='lat' dir='ltr'><strong>valere:</strong></span> 
     </span>
     <span class='ocr_line' id='line_1_3' title="bbox 281 658 1431 743; baseline 0.005 -24"><span class='ocrx_word' id='word_1_14' title='bbox 281 658 484 740; x_wconf 88' lang='lat' dir='ltr'><strong>usqueadeo</strong></span> <span class='ocrx_word' id='word_1_15' title='bbox 500 669 537 722; x_wconf 92' lang='lat' dir='ltr'><strong>ut</strong></span> <span class='ocrx_word' id='word_1_16' title='bbox 553 669 597 734; x_wconf 91' lang='lat' dir='ltr'><strong>et,</strong></span> <span class='ocrx_word' id='word_1_17' title='bbox 612 659 639 722; x_wconf 95' lang='lat' dir='ltr'><strong>si</strong></span> <span class='ocrx_word' id='word_1_18' title='bbox 654 660 727 741; x_wconf 93' lang='lat' dir='ltr'><strong>quis</strong></span> <span class='ocrx_word' id='word_1_19' title='bbox 749 667 825 741; x_wconf 91' lang='lat' dir='ltr'><strong>post</strong></span> <span class='ocrx_word' id='word_1_20' title='bbox 845 658 968 724; x_wconf 85' lang='lat' dir='ltr'><strong>factum</strong></span> <span class='ocrx_word' id='word_1_21' title='bbox 989 659 1079 741; x_wconf 89' lang='lat' dir='ltr'><strong>prius</strong></span> <span class='ocrx_word' id='word_1_22' title='bbox 1100 668 1338 728; x_wconf 88' lang='lat' dir='ltr'><strong>testamentum</strong></span> <span class='ocrx_word' id='word_1_23' title='bbox 1353 681 1431 743; x_wconf 94' lang='lat' dir='ltr'><strong>pos·</strong></span> 
     </span>
     <span class='ocr_line' id='line_1_4' title="bbox 280 759 1432 846; baseline 0.004 -25"><span class='ocrx_word' id='word_1_24' title='bbox 280 760 381 822; x_wconf 91' lang='lat' dir='ltr'><strong>terius</strong></span> <span class='ocrx_word' id='word_1_25' title='bbox 399 759 506 824; x_wconf 84' lang='lat' dir='ltr'><strong>facere</strong></span> <span class='ocrx_word' id='word_1_26' title='bbox 530 763 675 844; x_wconf 89' lang='lat' dir='ltr'><strong>coeperit</strong></span> <span class='ocrx_word' id='word_1_27' title='bbox 695 770 729 825; x_wconf 91' lang='lat' dir='ltr'><strong>et</strong></span> <span class='ocrx_word' id='word_1_28' title='bbox 746 771 805 828; x_wconf 92' lang='lat' dir='ltr'><strong>aut</strong></span> <span class='ocrx_word' id='word_1_29' title='bbox 829 762 1031 826; x_wconf 81' lang='lat' dir='ltr'><strong>mortalitate</strong></span> <span class='ocrx_word' id='word_1_30' title='bbox 1048 773 1257 845; x_wconf 87' lang='lat' dir='ltr'><strong>praeventus,</strong></span> <span class='ocrx_word' id='word_1_31' title='bbox 1276 773 1334 828; x_wconf 91' lang='lat' dir='ltr'><strong>aut</strong></span> <span class='ocrx_word' id='word_1_32' title='bbox 1354 764 1432 846; x_wconf 92' lang='lat' dir='ltr'><strong>quia</strong></span> 
     </span>
     <span class='ocr_line' id='line_1_5' title="bbox 282 863 1432 948; baseline 0.006 -25"><span class='ocrx_word' id='word_1_33' title='bbox 282 882 358 924; x_wconf 90' lang='lat' dir='ltr'><strong>eum</strong></span> <span class='ocrx_word' id='word_1_34' title='bbox 374 863 443 926; x_wconf 90' lang='lat' dir='ltr'><strong>eius</strong></span> <span class='ocrx_word' id='word_1_35' title='bbox 464 864 509 926; x_wconf 91' lang='lat' dir='ltr'><strong>rei</strong></span> <span class='ocrx_word' id='word_1_36' title='bbox 531 865 703 945; x_wconf 88' lang='lat' dir='ltr'><strong>paenituit,</strong></span> <span class='ocrx_word' id='word_1_37' title='bbox 721 864 754 928; x_wconf 94' lang='lat' dir='ltr'><strong>id</strong></span> <span class='ocrx_word' id='word_1_38' title='bbox 770 885 835 930; x_wconf 93' lang='lat' dir='ltr'><strong>non</strong></span> <span class='ocrx_word' id='word_1_39' title='bbox 856 865 1055 948; x_wconf 79' lang='lat' dir='ltr'><strong>perfecisset,</strong></span> <span class='ocrx_word' id='word_1_40' title='bbox 1074 867 1141 930; x_wconf 93' lang='lat' dir='ltr'><strong>divi</strong></span> <span class='ocrx_word' id='word_1_41' title='bbox 1162 866 1342 932; x_wconf 89' lang='lat' dir='ltr'><strong>Pertinacis</strong></span> <span class='ocrx_word' id='word_1_42' title='bbox 1359 887 1432 930; x_wconf 84' lang='lat' dir='ltr'><strong>ora·</strong></span> 
     </span>
     <span class='ocr_line' id='line_1_6' title="bbox 283 963 1433 1052; baseline 0.007 -26"><span class='ocrx_word' id='word_1_43' title='bbox 283 963 374 1026; x_wconf 90' lang='lat' dir='ltr'><strong>tione</strong></span> <span class='ocrx_word' id='word_1_44' title='bbox 397 975 531 1028; x_wconf 90' lang='lat' dir='ltr'><strong>cautum</strong></span> <span class='ocrx_word' id='word_1_45' title='bbox 555 975 614 1042; x_wconf 91' lang='lat' dir='ltr'><strong>est,</strong></span> <span class='ocrx_word' id='word_1_46' title='bbox 637 987 679 1030; x_wconf 92' lang='lat' dir='ltr'><strong>ne</strong></span> <span class='ocrx_word' id='word_1_47' title='bbox 703 966 784 1032; x_wconf 88' lang='lat' dir='ltr'><strong>alias</strong></span> <span class='ocrx_word' id='word_1_48' title='bbox 807 967 941 1032; x_wconf 88' lang='lat' dir='ltr'><strong>tabulae</strong></span> <span class='ocrx_word' id='word_1_49' title='bbox 959 970 1084 1052; x_wconf 81' lang='lat' dir='ltr'><strong>priores</strong></span> <span class='ocrx_word' id='word_1_50' title='bbox 1107 970 1176 1034; x_wconf 89' lang='lat' dir='ltr'><strong>iure</strong></span> <span class='ocrx_word' id='word_1_51' title='bbox 1195 968 1304 1034; x_wconf 84' lang='lat' dir='ltr'><strong>factae</strong></span> <span class='ocrx_word' id='word_1_52' title='bbox 1323 969 1433 1034; x_wconf 89' lang='lat' dir='ltr'><strong>irritae</strong></span> 
     </span>
     <span class='ocr_line' id='line_1_7' title="bbox 284 1065 1432 1155; baseline 0.009 -27"><span class='ocrx_word' id='word_1_53' title='bbox 284 1065 374 1141; x_wconf 87' lang='lat' dir='ltr'><strong>fiant,</strong></span> <span class='ocrx_word' id='word_1_54' title='bbox 390 1068 451 1132; x_wconf 92' lang='lat' dir='ltr'><strong>nisi</strong></span> <span class='ocrx_word' id='word_1_55' title='bbox 470 1080 645 1150; x_wconf 88' lang='lat' dir='ltr'><strong>sequentes</strong></span> <span class='ocrx_word' id='word_1_56' title='bbox 666 1071 735 1134; x_wconf 90' lang='lat' dir='ltr'><strong>iure</strong></span> <span class='ocrx_word' id='word_1_57' title='bbox 750 1072 919 1138; x_wconf 87' lang='lat' dir='ltr'><strong>ordinatae</strong></span> <span class='ocrx_word' id='word_1_58' title='bbox 941 1082 975 1136; x_wconf 92' lang='lat' dir='ltr'><strong>et</strong></span> <span class='ocrx_word' id='word_1_59' title='bbox 995 1072 1161 1155; x_wconf 84' lang='lat' dir='ltr'><strong>perfectae</strong></span> <span class='ocrx_word' id='word_1_60' title='bbox 1178 1072 1309 1138; x_wconf 83' lang='lat' dir='ltr'><strong>fuerint.</strong></span> <span class='ocrx_word' id='word_1_61' title='bbox 1353 1093 1432 1138; x_wconf 89' lang='lat' dir='ltr'><strong>nam</strong></span> 
     </span>
     <span class='ocr_line' id='line_1_8' title="bbox 284 1169 1433 1254; baseline 0.007 -22"><span class='ocrx_word' id='word_1_62' title='bbox 284 1169 514 1254; x_wconf 82' lang='lat' dir='ltr'><strong>imperfectum</strong></span> <span class='ocrx_word' id='word_1_63' title='bbox 543 1183 779 1242; x_wconf 88' lang='lat' dir='ltr'><strong>testamentum</strong></span> <span class='ocrx_word' id='word_1_64' title='bbox 809 1177 879 1242; x_wconf 91' lang='lat' dir='ltr'><strong>sine</strong></span> <span class='ocrx_word' id='word_1_65' title='bbox 907 1177 1009 1242; x_wconf 92' lang='lat' dir='ltr'><strong>dubio</strong></span> <span class='ocrx_word' id='word_1_66' title='bbox 1039 1177 1166 1242; x_wconf 91' lang='lat' dir='ltr'><strong>nullum</strong></span> <span class='ocrx_word' id='word_1_67' title='bbox 1191 1188 1251 1242; x_wconf 79' lang='lat' dir='ltr'><strong>estn</strong></span> <span class='ocrx_word' id='word_1_68' title='bbox 1301 1177 1433 1242; x_wconf 91' lang='lat' dir='ltr'><strong>Eadem</strong></span> 
     </span>
     <span class='ocr_line' id='line_1_9' title="bbox 285 1276 1433 1363; baseline 0.003 -25"><span class='ocrx_word' id='word_1_69' title='bbox 285 1276 433 1340; x_wconf 91' lang='lat' dir='ltr'><strong>oratione</strong></span> <span class='ocrx_word' id='word_1_70' title='bbox 454 1280 617 1360; x_wconf 88' lang='lat' dir='ltr'><strong>expressit</strong></span> <span class='ocrx_word' id='word_1_71' title='bbox 639 1299 705 1344; x_wconf 91' lang='lat' dir='ltr'><strong>non</strong></span> <span class='ocrx_word' id='word_1_72' title='bbox 728 1281 948 1347; x_wconf 90' lang='lat' dir='ltr'><strong>admissurum</strong></span> <span class='ocrx_word' id='word_1_73' title='bbox 972 1303 1009 1346; x_wconf 90' lang='lat' dir='ltr'><strong>se</strong></span> <span class='ocrx_word' id='word_1_74' title='bbox 1034 1281 1254 1348; x_wconf 85' lang='lat' dir='ltr'><strong>hereditatem</strong></span> <span class='ocrx_word' id='word_1_75' title='bbox 1281 1281 1359 1356; x_wconf 88' lang='lat' dir='ltr'><strong>eius,</strong></span> <span class='ocrx_word' id='word_1_76' title='bbox 1375 1279 1433 1363; x_wconf 93' lang='lat' dir='ltr'><strong>qui</strong></span> 
     </span>
     <span class='ocr_line' id='line_1_10' title="bbox 284 1378 1434 1469; baseline 0.006 -28"><span class='ocrx_word' id='word_1_77' title='bbox 284 1378 353 1444; x_wconf 91' lang='lat' dir='ltr'><strong>litis</strong></span> <span class='ocrx_word' id='word_1_78' title='bbox 375 1399 474 1445; x_wconf 88' lang='lat' dir='ltr'><strong>causa</strong></span> <span class='ocrx_word' id='word_1_79' title='bbox 496 1383 675 1467; x_wconf 88' lang='lat' dir='ltr'><strong>principem</strong></span> <span class='ocrx_word' id='word_1_80' title='bbox 698 1384 854 1450; x_wconf 89' lang='lat' dir='ltr'><strong>heredem</strong></span> <span class='ocrx_word' id='word_1_81' title='bbox 877 1386 1052 1468; x_wconf 88' lang='lat' dir='ltr'><strong>reliquerit,</strong></span> <span class='ocrx_word' id='word_1_82' title='bbox 1077 1405 1185 1469; x_wconf 91' lang='lat' dir='ltr'><strong>neque</strong></span> <span class='ocrx_word' id='word_1_83' title='bbox 1209 1385 1341 1451; x_wconf 89' lang='lat' dir='ltr'><strong>tabulas</strong></span> <span class='ocrx_word' id='word_1_84' title='bbox 1367 1405 1434 1448; x_wconf 90' lang='lat' dir='ltr'><strong>non</strong></span> 
     </span>
     <span class='ocr_line' id='line_1_11' title="bbox 285 1481 1434 1572; baseline 0.007 -28"><span class='ocrx_word' id='word_1_85' title='bbox 285 1481 433 1565; x_wconf 86' lang='lat' dir='ltr'><strong>legitime</strong></span> <span class='ocrx_word' id='word_1_86' title='bbox 448 1484 562 1563; x_wconf 88' lang='lat' dir='ltr'><strong>factas,</strong></span> <span class='ocrx_word' id='word_1_87' title='bbox 578 1487 611 1551; x_wconf 93' lang='lat' dir='ltr'><strong>in</strong></span> <span class='ocrx_word' id='word_1_88' title='bbox 627 1489 746 1570; x_wconf 90' lang='lat' dir='ltr'><strong>quibus</strong></span> <span class='ocrx_word' id='word_1_89' title='bbox 761 1491 831 1572; x_wconf 91' lang='lat' dir='ltr'><strong>ipse</strong></span> <span class='ocrx_word' id='word_1_90' title='bbox 846 1490 890 1553; x_wconf 94' lang='lat' dir='ltr'><strong>ob</strong></span> <span class='ocrx_word' id='word_1_91' title='bbox 908 1509 982 1554; x_wconf 88' lang='lat' dir='ltr'><strong>eam</strong></span> <span class='ocrx_word' id='word_1_92' title='bbox 1005 1510 1138 1555; x_wconf 90' lang='lat' dir='ltr'><strong>causam</strong></span> <span class='ocrx_word' id='word_1_93' title='bbox 1153 1489 1248 1554; x_wconf 90' lang='lat' dir='ltr'><strong>heres</strong></span> <span class='ocrx_word' id='word_1_94' title='bbox 1263 1489 1434 1552; x_wconf 91' lang='lat' dir='ltr'><strong>institutus</strong></span> 
     </span>
     <span class='ocr_line' id='line_1_12' title="bbox 286 1588 1434 1674; baseline 0.005 -26"><span class='ocrx_word' id='word_1_95' title='bbox 286 1595 364 1664; x_wconf 91' lang='lat' dir='ltr'><strong>erat,</strong></span> <span class='ocrx_word' id='word_1_96' title='bbox 384 1588 599 1668; x_wconf 90' lang='lat' dir='ltr'><strong>probaturum</strong></span> <span class='ocrx_word' id='word_1_97' title='bbox 619 1611 726 1674; x_wconf 89' lang='lat' dir='ltr'><strong>neque</strong></span> <span class='ocrx_word' id='word_1_98' title='bbox 746 1613 790 1656; x_wconf 83' lang='lat' dir='ltr'><strong>ex</strong></span> <span class='ocrx_word' id='word_1_99' title='bbox 811 1595 900 1658; x_wconf 91' lang='lat' dir='ltr'><strong>nuda</strong></span> <span class='ocrx_word' id='word_1_100' title='bbox 916 1613 998 1660; x_wconf 88' lang='lat' dir='ltr'><strong>voce</strong></span> <span class='ocrx_word' id='word_1_101' title='bbox 1018 1593 1148 1658; x_wconf 92' lang='lat' dir='ltr'><strong>heredis</strong></span> <span class='ocrx_word' id='word_1_102' title='bbox 1169 1612 1292 1658; x_wconf 90' lang='lat' dir='ltr'><strong>nomen</strong></span> <span class='ocrx_word' id='word_1_103' title='bbox 1309 1592 1434 1655; x_wconf 89' lang='lat' dir='ltr'><strong>admis-</strong></span> 
     </span>
     <span class='ocr_line' id='line_1_13' title="bbox 286 1693 1436 1778; baseline 0.006 -27"><span class='ocrx_word' id='word_1_104' title='bbox 286 1708 398 1752; x_wconf 92' lang='lat' dir='ltr'><strong>surum</strong></span> <span class='ocrx_word' id='word_1_105' title='bbox 414 1711 522 1773; x_wconf 91' lang='lat' dir='ltr'><strong>neque</strong></span> <span class='ocrx_word' id='word_1_106' title='bbox 536 1714 580 1757; x_wconf 90' lang='lat' dir='ltr'><strong>ex</strong></span> <span class='ocrx_word' id='word_1_107' title='bbox 592 1693 659 1758; x_wconf 91' lang='lat' dir='ltr'><strong>ulla</strong></span> <span class='ocrx_word' id='word_1_108' title='bbox 675 1697 842 1778; x_wconf 87' lang='lat' dir='ltr'><strong>scriptura,</strong></span> <span class='ocrx_word' id='word_1_109' title='bbox 853 1697 903 1765; x_wconf 92' lang='lat' dir='ltr'><strong>cui</strong></span> <span class='ocrx_word' id='word_1_110' title='bbox 919 1699 995 1762; x_wconf 91' lang='lat' dir='ltr'><strong>iuris</strong></span> <span class='ocrx_word' id='word_1_111' title='bbox 1010 1699 1188 1762; x_wconf 84' lang='lat' dir='ltr'><strong>auctoritas</strong></span> <span class='ocrx_word' id='word_1_112' title='bbox 1200 1697 1294 1772; x_wconf 92' lang='lat' dir='ltr'><strong>desit,</strong></span> <span class='ocrx_word' id='word_1_113' title='bbox 1309 1695 1436 1778; x_wconf 90' lang='lat' dir='ltr'><strong>aliquid</strong></span> 
     </span>
     <span class='ocr_line' id='line_1_14' title="bbox 286 1793 1436 1885; baseline 0.006 -28"><span class='ocrx_word' id='word_1_114' title='bbox 286 1793 493 1874; x_wconf 89' lang='lat' dir='ltr'><strong>adepturum.</strong></span> <span class='ocrx_word' id='word_1_115' title='bbox 527 1798 706 1864; x_wconf 91' lang='lat' dir='ltr'><strong>secundum</strong></span> <span class='ocrx_word' id='word_1_116' title='bbox 721 1799 803 1866; x_wconf 89' lang='lat' dir='ltr'><strong>haec</strong></span> <span class='ocrx_word' id='word_1_117' title='bbox 818 1802 884 1867; x_wconf 92' lang='lat' dir='ltr'><strong>divi</strong></span> <span class='ocrx_word' id='word_1_118' title='bbox 897 1823 1028 1885; x_wconf 89' lang='lat' dir='ltr'><strong>quoque</strong></span> <span class='ocrx_word' id='word_1_119' title='bbox 1041 1801 1183 1866; x_wconf 87' lang='lat' dir='ltr'><strong>Severus</strong></span> <span class='ocrx_word' id='word_1_120' title='bbox 1199 1810 1233 1866; x_wconf 90' lang='lat' dir='ltr'><strong>et</strong></span> <span class='ocrx_word' id='word_1_121' title='bbox 1242 1800 1436 1865; x_wconf 88' lang='lat' dir='ltr'><strong>Antoninus</strong></span> 
     </span>
     <span class='ocr_line' id='line_1_15' title="bbox 287 1898 1436 1988; baseline 0.005 -28"><span class='ocrx_word' id='word_1_122' title='bbox 287 1898 479 1978; x_wconf 90' lang='lat' dir='ltr'><strong>saepissime</strong></span> <span class='ocrx_word' id='word_1_123' title='bbox 495 1901 746 1982; x_wconf 88' lang='lat' dir='ltr'><strong>rescripserunt:</strong></span> <span class='ocrx_word' id='word_1_124' title='bbox 770 1904 864 1970; x_wconf 87' lang='lat' dir='ltr'><strong>‘licet</strong></span> <span class='ocrx_word' id='word_1_125' title='bbox 879 1902 981 1972; x_wconf 91' lang='lat' dir='ltr'><strong>enim&#39;</strong></span> <span class='ocrx_word' id='word_1_126' title='bbox 996 1906 1149 1988; x_wconf 91' lang='lat' dir='ltr'><strong>inquiunt</strong></span> <span class='ocrx_word' id='word_1_127' title='bbox 1171 1904 1315 1988; x_wconf 87' lang='lat' dir='ltr'><strong>‘legibus</strong></span> <span class='ocrx_word' id='word_1_128' title='bbox 1336 1901 1436 1968; x_wconf 92' lang='lat' dir='ltr'><strong>soluti</strong></span> 
     </span>
     <span class='ocr_line' id='line_1_16' title="bbox 288 2003 889 2088; baseline 0.023 -27"><span class='ocrx_word' id='word_1_129' title='bbox 288 2019 409 2076; x_wconf 91' lang='lat' dir='ltr'><strong>sumus,</strong></span> <span class='ocrx_word' id='word_1_130' title='bbox 425 2011 574 2068; x_wconf 89' lang='lat' dir='ltr'><strong>attamen</strong></span> <span class='ocrx_word' id='word_1_131' title='bbox 589 2003 717 2088; x_wconf 86' lang='lat' dir='ltr'><strong>legibus</strong></span> <span class='ocrx_word' id='word_1_132' title='bbox 731 2004 889 2075; x_wconf 73' lang='lat' dir='ltr'><strong>vivimus.¹</strong></span> 
     </span>
    </p>
   </div>
   <div class='ocr_carea' id='block_1_3' title="bbox 794 2195 926 2262">
    <p class='ocr_par' dir='ltr' id='par_1_3' title="bbox 794 2195 926 2262">
     <span class='ocr_line' id='line_1_17' title="bbox 794 2195 926 2262; baseline -0.015 0"><span class='ocrx_word' id='word_1_133' title='bbox 794 2195 926 2262; x_wconf 90' lang='lat' dir='ltr'>XVIII.</span> 
     </span>
    </p>
   </div>
   <div class='ocr_carea' id='block_1_4' title="bbox 567 2367 1155 2422">
    <p class='ocr_par' dir='ltr' id='par_1_4' title="bbox 567 2367 1155 2422">
     <span class='ocr_line' id='line_1_18' title="bbox 567 2367 1155 2422; baseline 0.007 -4"><span class='ocrx_word' id='word_1_134' title='bbox 567 2368 617 2418; x_wconf 91' lang='lat' dir='ltr'><strong>DE</strong></span> <span class='ocrx_word' id='word_1_135' title='bbox 640 2367 873 2422; x_wconf 82' lang='lat' dir='ltr'>INOFFICIOSO</span> <span class='ocrx_word' id='word_1_136' title='bbox 896 2369 1155 2422; x_wconf 81' lang='lat' dir='ltr'><strong>TESTAMENTO.</strong></span> 
     </span>
    </p>
   </div>
   <div class='ocr_carea' id='block_1_5' title="bbox 289 2517 1438 2705">
    <p class='ocr_par' dir='ltr' id='par_1_5' title="bbox 289 2517 1438 2705">
     <span class='ocr_line' id='line_1_19' title="bbox 331 2517 1437 2604; baseline 0.003 -23"><span class='ocrx_word' id='word_1_137' title='bbox 331 2517 419 2602; x_wconf 84' lang='lat' dir='ltr'><strong>Quia</strong></span> <span class='ocrx_word' id='word_1_138' title='bbox 434 2518 628 2602; x_wconf 89' lang='lat' dir='ltr'><strong>plerumque</strong></span> <span class='ocrx_word' id='word_1_139' title='bbox 650 2531 803 2604; x_wconf 89' lang='lat' dir='ltr'><strong>parentes</strong></span> <span class='ocrx_word' id='word_1_140' title='bbox 817 2521 888 2586; x_wconf 87' lang='lat' dir='ltr'><strong>sine</strong></span> <span class='ocrx_word' id='word_1_141' title='bbox 910 2542 1009 2587; x_wconf 91' lang='lat' dir='ltr'><strong>causa</strong></span> <span class='ocrx_word' id='word_1_142' title='bbox 1030 2521 1150 2586; x_wconf 92' lang='lat' dir='ltr'><strong>liberos</strong></span> <span class='ocrx_word' id='word_1_143' title='bbox 1170 2541 1247 2586; x_wconf 89' lang='lat' dir='ltr'><strong>suos</strong></span> <span class='ocrx_word' id='word_1_144' title='bbox 1262 2519 1315 2584; x_wconf 92' lang='lat' dir='ltr'><strong>vel</strong></span> <span class='ocrx_word' id='word_1_145' title='bbox 1334 2517 1437 2584; x_wconf 90' lang='lat' dir='ltr'><strong>exhe-</strong></span> 
     </span>
     <span class='ocr_line' id='line_1_20' title="bbox 289 2623 1438 2705; baseline 0.002 -19"><span class='ocrx_word' id='word_1_146' title='bbox 289 2624 407 2688; x_wconf 91' lang='lat' dir='ltr'><strong>redant</strong></span> <span class='ocrx_word' id='word_1_147' title='bbox 421 2623 473 2687; x_wconf 93' lang='lat' dir='ltr'><strong>vel</strong></span> <span class='ocrx_word' id='word_1_148' title='bbox 488 2625 654 2705; x_wconf 92' lang='lat' dir='ltr'><strong>omittunt,</strong></span> <span class='ocrx_word' id='word_1_149' title='bbox 670 2626 841 2692; x_wconf 89' lang='lat' dir='ltr'><strong>inductum</strong></span> <span class='ocrx_word' id='word_1_150' title='bbox 857 2636 918 2703; x_wconf 93' lang='lat' dir='ltr'><strong>est,</strong></span> <span class='ocrx_word' id='word_1_151' title='bbox 931 2637 969 2692; x_wconf 93' lang='lat' dir='ltr'><strong>ut</strong></span> <span class='ocrx_word' id='word_1_152' title='bbox 984 2626 1026 2692; x_wconf 92' lang='lat' dir='ltr'><strong>de</strong></span> <span class='ocrx_word' id='word_1_153' title='bbox 1042 2626 1221 2693; x_wconf 88' lang='lat' dir='ltr'><strong>inofficioso</strong></span> <span class='ocrx_word' id='word_1_154' title='bbox 1237 2633 1438 2691; x_wconf 85' lang='lat' dir='ltr'><strong>testamento</strong></span> 
     </span>
    </p>
   </div>
   <div class='ocr_carea' id='block_1_6' title="bbox 289 2827 1445 4569">
    <p class='ocr_par' dir='ltr' id='par_1_6' title="bbox 289 2827 1441 3569">
     <span class='ocr_line' id='line_1_21' title="bbox 289 2827 1439 2902; baseline -0.001 -16"><span class='ocrx_word' id='word_1_155' title='bbox 289 2830 324 2886; x_wconf 87' lang='lat' dir='ltr'><strong>cr&#39;.</strong></span> <span class='ocrx_word' id='word_1_156' title='bbox 339 2827 459 2900; x_wconf 88' lang='lat' dir='ltr'><strong>Capitol.</strong></span> <span class='ocrx_word' id='word_1_157' title='bbox 470 2830 570 2898; x_wconf 89' lang='lat' dir='ltr'><strong>Pert.7</strong></span> <span class='ocrx_word' id='word_1_158' title='bbox 584 2829 693 2900; x_wconf 85' lang='lat' dir='ltr'><strong>‘legem</strong></span> <span class='ocrx_word' id='word_1_159' title='bbox 706 2870 713 2885; x_wconf 92' lang='lat'><strong>.</strong></span> <span class='ocrx_word' id='word_1_160' title='bbox 729 2873 736 2887; x_wconf 93' lang='lat'><strong><em>.</em></strong></span> <span class='ocrx_word' id='word_1_161' title='bbox 750 2873 756 2886; x_wconf 95' lang='lat'><em>.</em></span> <span class='ocrx_word' id='word_1_162' title='bbox 769 2831 840 2900; x_wconf 91' lang='lat' dir='ltr'><strong>tulit,</strong></span> <span class='ocrx_word' id='word_1_163' title='bbox 853 2841 883 2888; x_wconf 89' lang='lat' dir='ltr'><strong>ut</strong></span> <span class='ocrx_word' id='word_1_164' title='bbox 896 2841 1068 2888; x_wconf 89' lang='lat' dir='ltr'><strong>testamenta</strong></span> <span class='ocrx_word' id='word_1_165' title='bbox 1079 2831 1174 2902; x_wconf 86' lang='lat' dir='ltr'><strong>priora</strong></span> <span class='ocrx_word' id='word_1_166' title='bbox 1185 2849 1243 2886; x_wconf 90' lang='lat' dir='ltr'><strong>non</strong></span> <span class='ocrx_word' id='word_1_167' title='bbox 1252 2831 1330 2902; x_wconf 86' lang='lat' dir='ltr'><strong>prius</strong></span> <span class='ocrx_word' id='word_1_168' title='bbox 1343 2839 1439 2886; x_wconf 86' lang='lat' dir='ltr'><strong>essent</strong></span> 
     </span>
     <span class='ocr_line' id='line_1_22' title="bbox 289 2912 1440 2986; baseline -0.001 -17"><span class='ocrx_word' id='word_1_169' title='bbox 289 2913 375 2983; x_wconf 90' lang='lat' dir='ltr'><strong>irrita,</strong></span> <span class='ocrx_word' id='word_1_170' title='bbox 396 2929 482 2984; x_wconf 90' lang='lat' dir='ltr'><strong>quam</strong></span> <span class='ocrx_word' id='word_1_171' title='bbox 502 2912 558 2968; x_wconf 86' lang='lat' dir='ltr'><strong>alia</strong></span> <span class='ocrx_word' id='word_1_172' title='bbox 578 2914 703 2983; x_wconf 84' lang='lat' dir='ltr'><strong>perfecta</strong></span> <span class='ocrx_word' id='word_1_173' title='bbox 722 2925 826 2984; x_wconf 87' lang='lat' dir='ltr'><strong>essent,</strong></span> <span class='ocrx_word' id='word_1_174' title='bbox 848 2932 920 2970; x_wconf 90' lang='lat' dir='ltr'><strong>neve</strong></span> <span class='ocrx_word' id='word_1_175' title='bbox 944 2915 981 2970; x_wconf 95' lang='lat' dir='ltr'><strong>ob</strong></span> <span class='ocrx_word' id='word_1_176' title='bbox 1006 2915 1061 2970; x_wconf 91' lang='lat' dir='ltr'><strong>hoc</strong></span> <span class='ocrx_word' id='word_1_177' title='bbox 1090 2915 1175 2970; x_wconf 86' lang='lat' dir='ltr'><strong>fiscus</strong></span> <span class='ocrx_word' id='word_1_178' title='bbox 1199 2914 1353 2986; x_wconf 90' lang='lat' dir='ltr'><strong>aliquando</strong></span> <span class='ocrx_word' id='word_1_179' title='bbox 1377 2931 1440 2968; x_wconf 89' lang='lat' dir='ltr'><strong>suc-</strong></span> 
     </span>
     <span class='ocr_line' id='line_1_23' title="bbox 289 2996 1440 3068; baseline 0 -16"><span class='ocrx_word' id='word_1_180' title='bbox 289 2997 420 3054; x_wconf 69' lang='lat' dir='ltr'><strong>cederet!</strong></span> <span class='ocrx_word' id='word_1_181' title='bbox 446 2999 490 3051; x_wconf 91' lang='lat' dir='ltr'><strong>To</strong></span> <span class='ocrx_word' id='word_1_182' title='bbox 509 2997 607 3052; x_wconf 90' lang='lat' dir='ltr'><strong>cancel</strong></span> <span class='ocrx_word' id='word_1_183' title='bbox 620 3013 638 3052; x_wconf 90' lang='lat' dir='ltr'><strong>a</strong></span> <span class='ocrx_word' id='word_1_184' title='bbox 650 2996 759 3053; x_wconf 85' lang='lat' dir='ltr'><strong>written</strong></span> <span class='ocrx_word' id='word_1_185' title='bbox 776 2997 832 3052; x_wconf 90' lang='lat' dir='ltr'><strong>will</strong></span> <span class='ocrx_word' id='word_1_186' title='bbox 849 2997 998 3054; x_wconf 87' lang='lat' dir='ltr'><strong>otherwise</strong></span> <span class='ocrx_word' id='word_1_187' title='bbox 1015 2999 1085 3054; x_wconf 88' lang='lat' dir='ltr'><strong>than</strong></span> <span class='ocrx_word' id='word_1_188' title='bbox 1100 2999 1140 3068; x_wconf 93' lang='lat' dir='ltr'><strong>by</strong></span> <span class='ocrx_word' id='word_1_189' title='bbox 1151 2999 1200 3054; x_wconf 91' lang='lat' dir='ltr'><strong>the</strong></span> <span class='ocrx_word' id='word_1_190' title='bbox 1216 2997 1364 3053; x_wconf 86' lang='lat' dir='ltr'><strong>execution</strong></span> <span class='ocrx_word' id='word_1_191' title='bbox 1381 2997 1414 3051; x_wconf 84' lang='lat' dir='ltr'><strong>of</strong></span> <span class='ocrx_word' id='word_1_192' title='bbox 1422 3013 1440 3052; x_wconf 88' lang='lat' dir='ltr'><strong>a</strong></span> 
     </span>
     <span class='ocr_line' id='line_1_24' title="bbox 289 3079 1441 3151; baseline -0.003 -14"><span class='ocrx_word' id='word_1_193' title='bbox 289 3083 360 3137; x_wconf 90' lang='lat' dir='ltr'><strong>later</strong></span> <span class='ocrx_word' id='word_1_194' title='bbox 373 3097 427 3134; x_wconf 91' lang='lat' dir='ltr'><strong>one</strong></span> <span class='ocrx_word' id='word_1_195' title='bbox 440 3079 461 3135; x_wconf 93' lang='lat' dir='ltr'><strong>it</strong></span> <span class='ocrx_word' id='word_1_196' title='bbox 475 3097 531 3134; x_wconf 86' lang='lat' dir='ltr'><strong>was</strong></span> <span class='ocrx_word' id='word_1_197' title='bbox 544 3097 695 3150; x_wconf 85' lang='lat' dir='ltr'><strong>necessary</strong></span> <span class='ocrx_word' id='word_1_198' title='bbox 707 3090 737 3136; x_wconf 92' lang='lat' dir='ltr'><strong>to</strong></span> <span class='ocrx_word' id='word_1_199' title='bbox 750 3081 864 3151; x_wconf 89' lang='lat' dir='ltr'><strong>destroy</strong></span> <span class='ocrx_word' id='word_1_200' title='bbox 874 3082 923 3138; x_wconf 89' lang='lat' dir='ltr'><strong>the</strong></span> <span class='ocrx_word' id='word_1_201' title='bbox 936 3081 1104 3138; x_wconf 87' lang='lat' dir='ltr'><strong>instrument</strong></span> <span class='ocrx_word' id='word_1_202' title='bbox 1116 3081 1155 3150; x_wconf 90' lang='lat' dir='ltr'><strong>by</strong></span> <span class='ocrx_word' id='word_1_203' title='bbox 1164 3081 1275 3150; x_wconf 80' lang='lat' dir='ltr'><strong>tearing</strong></span> <span class='ocrx_word' id='word_1_204' title='bbox 1287 3098 1320 3135; x_wconf 89' lang='lat' dir='ltr'><strong>or</strong></span> <span class='ocrx_word' id='word_1_205' title='bbox 1331 3079 1441 3150; x_wconf 84' lang='lat' dir='ltr'><strong>cutting</strong></span> 
     </span>
     <span class='ocr_line' id='line_1_25' title="bbox 290 3149 1440 3244; baseline 0 -26"><span class='ocrx_word' id='word_1_206' title='bbox 290 3163 320 3230; x_wconf 93' lang='lat' dir='ltr'><strong>it,</strong></span> <span class='ocrx_word' id='word_1_207' title='bbox 332 3181 364 3218; x_wconf 91' lang='lat' dir='ltr'><strong>or</strong></span> <span class='ocrx_word' id='word_1_208' title='bbox 376 3163 414 3232; x_wconf 91' lang='lat' dir='ltr'><strong>by</strong></span> <span class='ocrx_word' id='word_1_209' title='bbox 423 3162 536 3233; x_wconf 84' lang='lat' dir='ltr'><strong>erasing</strong></span> <span class='ocrx_word' id='word_1_210' title='bbox 550 3164 599 3220; x_wconf 88' lang='lat' dir='ltr'><strong>the</strong></span> <span class='ocrx_word' id='word_1_211' title='bbox 611 3162 778 3233; x_wconf 90' lang='lat' dir='ltr'><strong>institution,</strong></span> <span class='ocrx_word' id='word_1_212' title='bbox 791 3149 899 3236; x_wconf 87' lang='lat' dir='ltr'><strong>though</strong></span> <span class='ocrx_word' id='word_1_213' title='bbox 912 3163 1119 3221; x_wconf 89' lang='lat' dir='ltr'><strong>unintentional</strong></span> <span class='ocrx_word' id='word_1_214' title='bbox 1131 3182 1245 3220; x_wconf 84' lang='lat' dir='ltr'><strong>erasure</strong></span> <span class='ocrx_word' id='word_1_215' title='bbox 1257 3164 1329 3244; x_wconf 82' lang='lat' dir='ltr'><strong>after</strong></span> <span class='ocrx_word' id='word_1_216' title='bbox 1341 3179 1440 3220; x_wconf 84' lang='lat' dir='ltr'><strong>execu·</strong></span> 
     </span>
     <span class='ocr_line' id='line_1_26' title="bbox 289 3245 1440 3318; baseline -0.002 -16"><span class='ocrx_word' id='word_1_217' title='bbox 289 3245 350 3302; x_wconf 90' lang='lat' dir='ltr'><strong>tion</strong></span> <span class='ocrx_word' id='word_1_218' title='bbox 370 3245 420 3300; x_wconf 92' lang='lat' dir='ltr'><strong>did</strong></span> <span class='ocrx_word' id='word_1_219' title='bbox 439 3257 489 3302; x_wconf 93' lang='lat' dir='ltr'><strong>not</strong></span> <span class='ocrx_word' id='word_1_220' title='bbox 510 3245 594 3302; x_wconf 80' lang='lat' dir='ltr'><strong>effect</strong></span> <span class='ocrx_word' id='word_1_221' title='bbox 613 3247 662 3302; x_wconf 93' lang='lat' dir='ltr'><strong>the</strong></span> <span class='ocrx_word' id='word_1_222' title='bbox 684 3246 802 3317; x_wconf 92' lang='lat' dir='ltr'><strong>validity</strong></span> <span class='ocrx_word' id='word_1_223' title='bbox 823 3248 856 3302; x_wconf 88' lang='lat' dir='ltr'><strong>os</strong></span> <span class='ocrx_word' id='word_1_224' title='bbox 873 3247 909 3304; x_wconf 90' lang='lat' dir='ltr'><strong>its</strong></span> <span class='ocrx_word' id='word_1_225' title='bbox 934 3247 1118 3318; x_wconf 80' lang='lat' dir='ltr'><strong>dispositione</strong></span> <span class='ocrx_word' id='word_1_226' title='bbox 1139 3246 1165 3301; x_wconf 82' lang='lat' dir='ltr'><strong>ir</strong></span> <span class='ocrx_word' id='word_1_227' title='bbox 1180 3247 1255 3302; x_wconf 92' lang='lat' dir='ltr'><strong>their</strong></span> <span class='ocrx_word' id='word_1_228' title='bbox 1277 3255 1359 3302; x_wconf 90' lang='lat' dir='ltr'><strong>tenor</strong></span> <span class='ocrx_word' id='word_1_229' title='bbox 1382 3261 1440 3300; x_wconf 84' lang='lat' dir='ltr'><strong>was</strong></span> 
     </span>
     <span class='ocr_line' id='line_1_27' title="bbox 289 3327 1441 3402; baseline -0.001 -19"><span class='ocrx_word' id='word_1_230' title='bbox 289 3329 402 3398; x_wconf 91' lang='lat' dir='ltr'><strong>known,</strong></span> <span class='ocrx_word' id='word_1_231' title='bbox 416 3329 480 3400; x_wconf 87' lang='lat' dir='ltr'><strong>Dig.</strong></span> <span class='ocrx_word' id='word_1_232' title='bbox 496 3330 575 3396; x_wconf 86' lang='lat'><em>28.4</em></span> <span class='ocrx_word' id='word_1_233' title='bbox 593 3345 615 3386; x_wconf 91' lang='lat'><strong>1.</strong></span> <span class='ocrx_word' id='word_1_234' title='bbox 628 3346 653 3386; x_wconf 87' lang='lat'><strong>2.</strong></span> <span class='ocrx_word' id='word_1_235' title='bbox 690 3331 788 3401; x_wconf 84' lang='lat' dir='ltr'><strong>Single</strong></span> <span class='ocrx_word' id='word_1_236' title='bbox 807 3331 990 3402; x_wconf 79' lang='lat' dir='ltr'><strong>dispositione</strong></span> <span class='ocrx_word' id='word_1_237' title='bbox 1009 3330 1093 3386; x_wconf 91' lang='lat' dir='ltr'><strong>could</strong></span> <span class='ocrx_word' id='word_1_238' title='bbox 1109 3330 1244 3399; x_wconf 88' lang='lat' dir='ltr'><strong>similarly</strong></span> <span class='ocrx_word' id='word_1_239' title='bbox 1261 3330 1298 3385; x_wconf 91' lang='lat' dir='ltr'><strong>be</strong></span> <span class='ocrx_word' id='word_1_240' title='bbox 1316 3327 1441 3384; x_wconf 85' lang='lat' dir='ltr'><strong>revolred</strong></span> 
     </span>
     <span class='ocr_line' id='line_1_28' title="bbox 290 3411 1440 3487; baseline -0.001 -20"><span class='ocrx_word' id='word_1_241' title='bbox 290 3413 329 3483; x_wconf 89' lang='lat' dir='ltr'><strong>by</strong></span> <span class='ocrx_word' id='word_1_242' title='bbox 341 3430 462 3482; x_wconf 89' lang='lat' dir='ltr'><strong>erasure,</strong></span> <span class='ocrx_word' id='word_1_243' title='bbox 475 3412 592 3469; x_wconf 90' lang='lat' dir='ltr'><strong>without</strong></span> <span class='ocrx_word' id='word_1_244' title='bbox 611 3414 744 3487; x_wconf 81' lang='lat' dir='ltr'><strong>affectmg</strong></span> <span class='ocrx_word' id='word_1_245' title='bbox 759 3415 808 3472; x_wconf 91' lang='lat' dir='ltr'><strong>the</strong></span> <span class='ocrx_word' id='word_1_246' title='bbox 825 3415 942 3485; x_wconf 90' lang='lat' dir='ltr'><strong>validity</strong></span> <span class='ocrx_word' id='word_1_247' title='bbox 955 3415 988 3470; x_wconf 83' lang='lat' dir='ltr'><strong>os</strong></span> <span class='ocrx_word' id='word_1_248' title='bbox 999 3416 1048 3471; x_wconf 91' lang='lat' dir='ltr'><strong>the</strong></span> <span class='ocrx_word' id='word_1_249' title='bbox 1061 3414 1116 3469; x_wconf 90' lang='lat' dir='ltr'><strong>will</strong></span> <span class='ocrx_word' id='word_1_250' title='bbox 1134 3431 1166 3470; x_wconf 87' lang='lat' dir='ltr'><strong>as</strong></span> <span class='ocrx_word' id='word_1_251' title='bbox 1179 3431 1197 3468; x_wconf 92' lang='lat' dir='ltr'><strong>a</strong></span> <span class='ocrx_word' id='word_1_252' title='bbox 1209 3414 1308 3482; x_wconf 89' lang='lat' dir='ltr'><strong>whole,</strong></span> <span class='ocrx_word' id='word_1_253' title='bbox 1323 3413 1388 3483; x_wconf 82' lang='lat' dir='ltr'><strong>Dig.</strong></span> <span class='ocrx_word' id='word_1_254' title='bbox 1402 3411 1440 3466; x_wconf 92' lang='lat' dir='ltr'><strong>ib.</strong></span> 
     </span>
     <span class='ocr_line' id='line_1_29' title="bbox 291 3495 1322 3569; baseline 0.001 -17"><span class='ocrx_word' id='word_1_255' title='bbox 291 3511 317 3552; x_wconf 86' lang='lat'><strong>2.</strong></span> <span class='ocrx_word' id='word_1_256' title='bbox 330 3509 355 3566; x_wconf 91' lang='lat'><strong>7,</strong></span> <span class='ocrx_word' id='word_1_257' title='bbox 369 3495 404 3552; x_wconf 82' lang='lat' dir='ltr'><strong>cs.</strong></span> <span class='ocrx_word' id='word_1_258' title='bbox 419 3497 550 3566; x_wconf 73' lang='lat' dir='ltr'><strong>Krbger’s</strong></span> <span class='ocrx_word' id='word_1_259' title='bbox 563 3498 710 3554; x_wconf 87' lang='lat' dir='ltr'><strong>recension</strong></span> <span class='ocrx_word' id='word_1_260' title='bbox 722 3499 756 3554; x_wconf 83' lang='lat' dir='ltr'><strong>os</strong></span> <span class='ocrx_word' id='word_1_261' title='bbox 765 3498 853 3554; x_wconf 85' lang='lat' dir='ltr'><strong>Gaius</strong></span> <span class='ocrx_word' id='word_1_262' title='bbox 867 3498 893 3555; x_wconf 90' lang='lat' dir='ltr'><strong>ii.</strong></span> <span class='ocrx_word' id='word_1_263' title='bbox 911 3511 957 3569; x_wconf 84' lang='lat'><strong>151</strong></span> <span class='ocrx_word' id='word_1_264' title='bbox 973 3497 1002 3554; x_wconf 91' lang='lat' dir='ltr'><strong>in</strong></span> <span class='ocrx_word' id='word_1_265' title='bbox 1017 3501 1072 3554; x_wconf 91' lang='lat' dir='ltr'><strong>Mr.</strong></span> <span class='ocrx_word' id='word_1_266' title='bbox 1086 3498 1193 3553; x_wconf 87' lang='lat' dir='ltr'><strong>Poste’s</strong></span> <span class='ocrx_word' id='word_1_267' title='bbox 1206 3495 1322 3553; x_wconf 89' lang='lat' dir='ltr'><strong>edition.</strong></span> 
     </span>
    </p>

    <p class='ocr_par' dir='ltr' id='par_1_7' title="bbox 291 3576 1445 4234">
     <span class='ocr_line' id='line_1_30' title="bbox 328 3576 1440 3652; baseline -0.002 -17"><span class='ocrx_word' id='word_1_268' title='bbox 328 3577 386 3649; x_wconf 64' lang='lat'><strong>58.</strong></span> <span class='ocrx_word' id='word_1_269' title='bbox 406 3579 449 3636; x_wconf 84' lang='lat' dir='ltr'>CI.</span> <span class='ocrx_word' id='word_1_270' title='bbox 463 3580 574 3649; x_wconf 88' lang='lat' dir='ltr'><strong>Paulus,</strong></span> <span class='ocrx_word' id='word_1_271' title='bbox 588 3591 659 3638; x_wconf 90' lang='lat' dir='ltr'><strong>sent.</strong></span> <span class='ocrx_word' id='word_1_272' title='bbox 678 3599 734 3638; x_wconf 88' lang='lat' dir='ltr'><strong>rec.</strong></span> <span class='ocrx_word' id='word_1_273' title='bbox 749 3594 773 3652; x_wconf 81' lang='grc'><strong>5.</strong></span> <span class='ocrx_word' id='word_1_274' title='bbox 789 3597 829 3639; x_wconf 90' lang='lat'><strong>12.</strong></span> <span class='ocrx_word' id='word_1_275' title='bbox 842 3583 858 3638; x_wconf 92' lang='lat'>8</span> <span class='ocrx_word' id='word_1_276' title='bbox 873 3582 913 3652; x_wconf 82' lang='lat' dir='ltr'><strong>(iu</strong></span> <span class='ocrx_word' id='word_1_277' title='bbox 927 3581 992 3651; x_wconf 81' lang='lat' dir='ltr'><strong>Dig.</strong></span> <span class='ocrx_word' id='word_1_278' title='bbox 1007 3583 1049 3637; x_wconf 89' lang='lat'><strong>28.</strong></span> <span class='ocrx_word' id='word_1_279' title='bbox 1065 3593 1086 3651; x_wconf 83' lang='lat'><strong>5.</strong></span> <span class='ocrx_word' id='word_1_280' title='bbox 1101 3581 1129 3651; x_wconf 88' lang='grc'><strong>9)</strong></span> <span class='ocrx_word' id='word_1_281' title='bbox 1149 3579 1365 3650; x_wconf 86' lang='lat' dir='ltr'><strong>‘imperatorem</strong></span> <span class='ocrx_word' id='word_1_282' title='bbox 1383 3576 1440 3634; x_wconf 91' lang='lat' dir='ltr'><strong>litis</strong></span> 
     </span>
     <span class='ocr_line' id='line_1_31' title="bbox 291 3654 1442 3734; baseline -0.001 -16"><span class='ocrx_word' id='word_1_283' title='bbox 291 3679 378 3720; x_wconf 91' lang='lat' dir='ltr'><strong>causa</strong></span> <span class='ocrx_word' id='word_1_284' title='bbox 402 3654 545 3718; x_wconf 88' lang='lat' dir='ltr'><strong>heredem¹</strong></span> <span class='ocrx_word' id='word_1_285' title='bbox 562 3663 669 3720; x_wconf 90' lang='lat' dir='ltr'><strong>institui</strong></span> <span class='ocrx_word' id='word_1_286' title='bbox 695 3663 865 3720; x_wconf 88' lang='lat' dir='ltr'><strong>invidiosum</strong></span> <span class='ocrx_word' id='word_1_287' title='bbox 887 3675 939 3734; x_wconf 92' lang='lat' dir='ltr'><strong>est,</strong></span> <span class='ocrx_word' id='word_1_288' title='bbox 961 3681 1014 3720; x_wconf 90' lang='lat' dir='ltr'><strong>nec</strong></span> <span class='ocrx_word' id='word_1_289' title='bbox 1036 3663 1195 3719; x_wconf 86' lang='lat' dir='ltr'><strong>calumniae</strong></span> <span class='ocrx_word' id='word_1_290' title='bbox 1218 3663 1382 3718; x_wconf 81' lang='lat' dir='ltr'><strong>facultatem</strong></span> <span class='ocrx_word' id='word_1_291' title='bbox 1407 3679 1442 3717; x_wconf 86' lang='lat' dir='ltr'><strong>ex</strong></span> 
     </span>
     <span class='ocr_line' id='line_1_32' title="bbox 291 3743 1442 3819; baseline -0.003 -17"><span class='ocrx_word' id='word_1_292' title='bbox 291 3745 439 3818; x_wconf 90' lang='lat' dir='ltr'><strong>principali</strong></span> <span class='ocrx_word' id='word_1_293' title='bbox 458 3746 606 3803; x_wconf 88' lang='lat' dir='ltr'><strong>maiestate</strong></span> <span class='ocrx_word' id='word_1_294' title='bbox 625 3748 689 3818; x_wconf 89' lang='lat' dir='ltr'><strong>capi</strong></span> <span class='ocrx_word' id='word_1_295' title='bbox 702 3749 830 3819; x_wconf 69' lang='lat' dir='ltr'><strong>oportet!</strong></span> <span class='ocrx_word' id='word_1_296' title='bbox 866 3749 924 3804; x_wconf 90' lang='lat' dir='ltr'><strong>For</strong></span> <span class='ocrx_word' id='word_1_297' title='bbox 936 3757 1107 3817; x_wconf 76' lang='lat' dir='ltr'><strong>acceptante</strong></span> <span class='ocrx_word' id='word_1_298' title='bbox 1120 3746 1211 3801; x_wconf 88' lang='lat' dir='ltr'><strong>under</strong></span> <span class='ocrx_word' id='word_1_299' title='bbox 1229 3745 1359 3800; x_wconf 79' lang='lat' dir='ltr'><strong>informat</strong></span> <span class='ocrx_word' id='word_1_300' title='bbox 1372 3743 1442 3799; x_wconf 88' lang='lat' dir='ltr'><strong>wills</strong></span> 
     </span>
     <span class='ocr_line' id='line_1_33' title="bbox 291 3829 1442 3902; baseline -0.004 -16"><span class='ocrx_word' id='word_1_301' title='bbox 291 3832 330 3902; x_wconf 96' lang='lat' dir='ltr'><strong>by</strong></span> <span class='ocrx_word' id='word_1_302' title='bbox 348 3831 396 3885; x_wconf 91' lang='lat' dir='ltr'><strong>the</strong></span> <span class='ocrx_word' id='word_1_303' title='bbox 416 3832 569 3900; x_wconf 88' lang='lat' dir='ltr'><strong>Emperors</strong></span> <span class='ocrx_word' id='word_1_304' title='bbox 587 3831 623 3886; x_wconf 84' lang='lat' dir='ltr'><strong>cf.</strong></span> <span class='ocrx_word' id='word_1_305' title='bbox 641 3831 801 3902; x_wconf 89' lang='lat' dir='ltr'><strong>Suetonius,</strong></span> <span class='ocrx_word' id='word_1_306' title='bbox 816 3831 904 3901; x_wconf 83' lang='lat' dir='ltr'><strong>Calig.</strong></span> <span class='ocrx_word' id='word_1_307' title='bbox 919 3832 961 3900; x_wconf 89' lang='lat'><strong>38,</strong></span> <span class='ocrx_word' id='word_1_308' title='bbox 982 3829 1146 3898; x_wconf 75' lang='lat' dir='ltr'><strong>Domitia,</strong></span> <span class='ocrx_word' id='word_1_309' title='bbox 1165 3829 1255 3898; x_wconf 90' lang='lat' dir='ltr'><strong>Pliny,</strong></span> <span class='ocrx_word' id='word_1_310' title='bbox 1275 3830 1381 3896; x_wconf 85' lang='lat' dir='ltr'><strong>Paneg.</strong></span> <span class='ocrx_word' id='word_1_311' title='bbox 1397 3843 1442 3896; x_wconf 82' lang='lat'><strong>43.</strong></span> 
     </span>
     <span class='ocr_line' id='line_1_34' title="bbox 292 3912 1442 3985; baseline -0.002 -17"><span class='ocrx_word' id='word_1_312' title='bbox 292 3914 397 3968; x_wconf 89' lang='lat' dir='ltr'><strong>‘Nuda</strong></span> <span class='ocrx_word' id='word_1_313' title='bbox 413 3915 481 3968; x_wconf 88' lang='lat' dir='ltr'><strong>vox’</strong></span> <span class='ocrx_word' id='word_1_314' title='bbox 500 3929 593 3969; x_wconf 86' lang='lat' dir='ltr'><strong>seems</strong></span> <span class='ocrx_word' id='word_1_315' title='bbox 616 3923 646 3969; x_wconf 93' lang='lat' dir='ltr'><strong>to</strong></span> <span class='ocrx_word' id='word_1_316' title='bbox 664 3931 748 3969; x_wconf 89' lang='lat' dir='ltr'><strong>mean</strong></span> <span class='ocrx_word' id='word_1_317' title='bbox 767 3916 816 3970; x_wconf 92' lang='lat' dir='ltr'><strong>the</strong></span> <span class='ocrx_word' id='word_1_318' title='bbox 834 3914 986 3985; x_wconf 84' lang='lat' dir='ltr'><strong>allegation</strong></span> <span class='ocrx_word' id='word_1_319' title='bbox 1006 3914 1039 3968; x_wconf 81' lang='lat' dir='ltr'><strong>os</strong></span> <span class='ocrx_word' id='word_1_320' title='bbox 1052 3913 1158 3983; x_wconf 84' lang='lat' dir='ltr'><strong>having</strong></span> <span class='ocrx_word' id='word_1_321' title='bbox 1176 3912 1265 3968; x_wconf 86' lang='lat' dir='ltr'><strong>heard</strong></span> <span class='ocrx_word' id='word_1_322' title='bbox 1284 3929 1316 3966; x_wconf 90' lang='lat' dir='ltr'><strong>so</strong></span> <span class='ocrx_word' id='word_1_323' title='bbox 1333 3912 1391 3966; x_wconf 91' lang='lat' dir='ltr'><strong>and</strong></span> <span class='ocrx_word' id='word_1_324' title='bbox 1409 3929 1442 3967; x_wconf 86' lang='lat' dir='ltr'><strong>so</strong></span> 
     </span>
     <span class='ocr_line' id='line_1_35' title="bbox 292 3995 1442 4067; baseline -0.002 -15"><span class='ocrx_word' id='word_1_325' title='bbox 292 3997 405 4053; x_wconf 88' lang='lat' dir='ltr'><strong>declare</strong></span> <span class='ocrx_word' id='word_1_326' title='bbox 417 3995 577 4066; x_wconf 83' lang='lat' dir='ltr'><strong>informally</strong></span> <span class='ocrx_word' id='word_1_327' title='bbox 589 3998 650 4052; x_wconf 89' lang='lat' dir='ltr'><strong>that</strong></span> <span class='ocrx_word' id='word_1_328' title='bbox 669 3998 705 4053; x_wconf 91' lang='lat' dir='ltr'><strong>he</strong></span> <span class='ocrx_word' id='word_1_329' title='bbox 718 3997 775 4052; x_wconf 90' lang='lat' dir='ltr'><strong>had</strong></span> <span class='ocrx_word' id='word_1_330' title='bbox 791 3998 876 4054; x_wconf 90' lang='lat' dir='ltr'><strong>made</strong></span> <span class='ocrx_word' id='word_1_331' title='bbox 893 3999 942 4054; x_wconf 88' lang='lat' dir='ltr'><strong>the</strong></span> <span class='ocrx_word' id='word_1_332' title='bbox 956 3999 1096 4067; x_wconf 89' lang='lat' dir='ltr'><strong>Emperor</strong></span> <span class='ocrx_word' id='word_1_333' title='bbox 1112 3997 1157 4052; x_wconf 90' lang='lat' dir='ltr'><strong>his</strong></span> <span class='ocrx_word' id='word_1_334' title='bbox 1173 3995 1235 4051; x_wconf 78' lang='lat' dir='ltr'><strong>heIr</strong></span> <span class='ocrx_word' id='word_1_335' title='bbox 1248 3996 1268 4066; x_wconf 89' lang='lat'><strong>(‘</strong></span> <span class='ocrx_word' id='word_1_336' title='bbox 1275 3995 1323 4067; x_wconf 87' lang='lat' dir='ltr'><strong>qui</strong></span> <span class='ocrx_word' id='word_1_337' title='bbox 1336 3995 1442 4051; x_wconf 89' lang='lat' dir='ltr'><strong>diceret</strong></span> 
     </span>
     <span class='ocr_line' id='line_1_36' title="bbox 292 4079 1445 4151; baseline -0.002 -13"><span class='ocrx_word' id='word_1_338' title='bbox 292 4079 406 4138; x_wconf 85' lang='lat' dir='ltr'><strong>audisse</strong></span> <span class='ocrx_word' id='word_1_339' title='bbox 431 4097 462 4136; x_wconf 89' lang='lat' dir='ltr'><strong>se</strong></span> <span class='ocrx_word' id='word_1_340' title='bbox 489 4097 524 4136; x_wconf 88' lang='lat' dir='ltr'><strong>ex</strong></span> <span class='ocrx_word' id='word_1_341' title='bbox 551 4080 692 4151; x_wconf 81' lang='lat' dir='ltr'><strong>defirncto,</strong></span> <span class='ocrx_word' id='word_1_342' title='bbox 717 4097 782 4138; x_wconf 90' lang='lat' dir='ltr'><strong>cum</strong></span> <span class='ocrx_word' id='word_1_343' title='bbox 806 4079 921 4149; x_wconf 78' lang='lat' dir='ltr'><strong>vireret,</strong></span> <span class='ocrx_word' id='word_1_344' title='bbox 946 4081 1080 4138; x_wconf 88' lang='lat' dir='ltr'><strong>heredem</strong></span> <span class='ocrx_word' id='word_1_345' title='bbox 1106 4079 1160 4136; x_wconf 90' lang='lat' dir='ltr'><strong>sibi</strong></span> <span class='ocrx_word' id='word_1_346' title='bbox 1187 4081 1340 4136; x_wconf 88' lang='lat' dir='ltr'><strong>Caesarem</strong></span> <span class='ocrx_word' id='word_1_347' title='bbox 1364 4079 1445 4136; x_wconf 84' lang='lat' dir='ltr'><strong>esse’</strong></span> 
     </span>
     <span class='ocr_line' id='line_1_37' title="bbox 294 4163 545 4234; baseline 0.004 -15"><span class='ocrx_word' id='word_1_348' title='bbox 294 4163 454 4234; x_wconf 89' lang='lat' dir='ltr'><strong>Suetonius,</strong></span> <span class='ocrx_word' id='word_1_349' title='bbox 467 4165 486 4219; x_wconf 91' lang='lat' dir='ltr'><strong>l.</strong></span> <span class='ocrx_word' id='word_1_350' title='bbox 499 4163 545 4233; x_wconf 79' lang='lat' dir='ltr'><strong>c).</strong></span> 
     </span>
    </p>

    <p class='ocr_par' dir='ltr' id='par_1_8' title="bbox 292 4245 1445 4569">
     <span class='ocr_line' id='line_1_38' title="bbox 327 4245 1445 4319; baseline -0.003 -16"><span class='ocrx_word' id='word_1_351' title='bbox 327 4251 388 4305; x_wconf 69' lang='lat' dir='ltr'><strong>nrt.</strong></span> <span class='ocrx_word' id='word_1_352' title='bbox 400 4251 524 4304; x_wconf 85' lang='lat' dir='ltr'><strong>xvm.</strong></span> <span class='ocrx_word' id='word_1_353' title='bbox 544 4249 606 4304; x_wconf 88' lang='lat' dir='ltr'><strong>The</strong></span> <span class='ocrx_word' id='word_1_354' title='bbox 624 4247 748 4319; x_wconf 85' lang='lat' dir='ltr'><strong>practice</strong></span> <span class='ocrx_word' id='word_1_355' title='bbox 767 4247 800 4304; x_wconf 83' lang='lat' dir='ltr'><strong>of</strong></span> <span class='ocrx_word' id='word_1_356' title='bbox 813 4247 1015 4306; x_wconf 85' lang='lat' dir='ltr'><strong>exheredation</strong></span> <span class='ocrx_word' id='word_1_357' title='bbox 1034 4247 1164 4317; x_wconf 82' lang='lat' dir='ltr'><strong>lormally</strong></span> <span class='ocrx_word' id='word_1_358' title='bbox 1176 4245 1299 4302; x_wconf 87' lang='lat' dir='ltr'><strong>enabled</strong></span> <span class='ocrx_word' id='word_1_359' title='bbox 1317 4263 1335 4302; x_wconf 91' lang='lat' dir='ltr'><strong>a</strong></span> <span class='ocrx_word' id='word_1_360' title='bbox 1352 4245 1445 4300; x_wconf 81' lang='lat' dir='ltr'><strong>father</strong></span> 
     </span>
     <span class='ocr_line' id='line_1_39' title="bbox 292 4326 1444 4397; baseline -0.004 -11"><span class='ocrx_word' id='word_1_361' title='bbox 292 4341 322 4386; x_wconf 91' lang='lat' dir='ltr'><strong>to</strong></span> <span class='ocrx_word' id='word_1_362' title='bbox 340 4332 429 4388; x_wconf 88' lang='lat' dir='ltr'><strong>debar</strong></span> <span class='ocrx_word' id='word_1_363' title='bbox 446 4332 491 4388; x_wconf 91' lang='lat' dir='ltr'><strong>his</strong></span> <span class='ocrx_word' id='word_1_364' title='bbox 504 4331 631 4388; x_wconf 89' lang='lat' dir='ltr'><strong>children</strong></span> <span class='ocrx_word' id='word_1_365' title='bbox 648 4333 721 4388; x_wconf 84' lang='lat' dir='ltr'><strong>stom</strong></span> <span class='ocrx_word' id='word_1_366' title='bbox 734 4333 772 4388; x_wconf 88' lang='lat' dir='ltr'><strong>all</strong></span> <span class='ocrx_word' id='word_1_367' title='bbox 790 4333 873 4388; x_wconf 89' lang='lat' dir='ltr'><strong>share</strong></span> <span class='ocrx_word' id='word_1_368' title='bbox 892 4331 921 4388; x_wconf 92' lang='lat' dir='ltr'><strong>in</strong></span> <span class='ocrx_word' id='word_1_369' title='bbox 939 4331 984 4387; x_wconf 86' lang='lat' dir='ltr'><strong>his</strong></span> <span class='ocrx_word' id='word_1_370' title='bbox 1003 4330 1188 4397; x_wconf 87' lang='lat' dir='ltr'><strong>succession;</strong></span> <span class='ocrx_word' id='word_1_371' title='bbox 1209 4329 1239 4384; x_wconf 91' lang='lat' dir='ltr'><strong>in</strong></span> <span class='ocrx_word' id='word_1_372' title='bbox 1252 4329 1308 4384; x_wconf 89' lang='lat' dir='ltr'><strong>this</strong></span> <span class='ocrx_word' id='word_1_373' title='bbox 1326 4328 1401 4384; x_wconf 89' lang='lat' dir='ltr'><strong>Title</strong></span> <span class='ocrx_word' id='word_1_374' title='bbox 1419 4326 1444 4382; x_wconf 87' lang='lat' dir='ltr'><strong>is</strong></span> 
     </span>
     <span class='ocr_line' id='line_1_40' title="bbox 293 4409 1445 4485; baseline -0.004 -16"><span class='ocrx_word' id='word_1_375' title='bbox 293 4414 443 4470; x_wconf 88' lang='lat' dir='ltr'><strong>described</strong></span> <span class='ocrx_word' id='word_1_376' title='bbox 456 4416 504 4470; x_wconf 92' lang='lat' dir='ltr'><strong>the</strong></span> <span class='ocrx_word' id='word_1_377' title='bbox 522 4415 639 4485; x_wconf 90' lang='lat' dir='ltr'><strong>remedy</strong></span> <span class='ocrx_word' id='word_1_378' title='bbox 651 4415 695 4470; x_wconf 83' lang='lat' dir='ltr'><strong>sor</strong></span> <span class='ocrx_word' id='word_1_379' title='bbox 706 4425 755 4471; x_wconf 89' lang='lat' dir='ltr'><strong>too</strong></span> <span class='ocrx_word' id='word_1_380' title='bbox 773 4416 860 4472; x_wconf 90' lang='lat' dir='ltr'><strong>harsh</strong></span> <span class='ocrx_word' id='word_1_381' title='bbox 877 4431 915 4472; x_wconf 88' lang='lat' dir='ltr'><strong>an</strong></span> <span class='ocrx_word' id='word_1_382' title='bbox 931 4413 1056 4470; x_wconf 88' lang='lat' dir='ltr'><strong>exereise</strong></span> <span class='ocrx_word' id='word_1_383' title='bbox 1073 4414 1106 4469; x_wconf 80' lang='lat' dir='ltr'><strong>ol</strong></span> <span class='ocrx_word' id='word_1_384' title='bbox 1120 4413 1176 4470; x_wconf 89' lang='lat' dir='ltr'><strong>this</strong></span> <span class='ocrx_word' id='word_1_385' title='bbox 1195 4411 1338 4484; x_wconf 83' lang='lat' dir='ltr'><strong>privilege,</strong></span> <span class='ocrx_word' id='word_1_386' title='bbox 1352 4409 1445 4465; x_wconf 79' lang='lat' dir='ltr'><strong>wbch</strong></span> 
     </span>
     <span class='ocr_line' id='line_1_41' title="bbox 293 4496 1444 4569; baseline -0.004 -17"><span class='ocrx_word' id='word_1_387' title='bbox 293 4498 457 4569; x_wconf 86' lang='lat' dir='ltr'><strong>practically</strong></span> <span class='ocrx_word' id='word_1_388' title='bbox 469 4499 587 4557; x_wconf 88' lang='lat' dir='ltr'><strong>secured</strong></span> <span class='ocrx_word' id='word_1_389' title='bbox 599 4509 629 4556; x_wconf 92' lang='lat' dir='ltr'><strong>to</strong></span> <span class='ocrx_word' id='word_1_390' title='bbox 646 4499 780 4558; x_wconf 85' lang='lat' dir='ltr'><strong>relations</strong></span> <span class='ocrx_word' id='word_1_391' title='bbox 795 4498 892 4558; x_wconf 80' lang='lat' dir='ltr'><strong>within</strong></span> <span class='ocrx_word' id='word_1_392' title='bbox 904 4516 923 4557; x_wconf 87' lang='lat' dir='ltr'><strong>a</strong></span> <span class='ocrx_word' id='word_1_393' title='bbox 935 4497 1042 4556; x_wconf 89' lang='lat' dir='ltr'><strong>certain</strong></span> <span class='ocrx_word' id='word_1_394' title='bbox 1061 4497 1165 4568; x_wconf 82' lang='lat' dir='ltr'><strong>degree</strong></span> <span class='ocrx_word' id='word_1_395' title='bbox 1183 4496 1216 4552; x_wconf 82' lang='lat' dir='ltr'><strong>ot</strong></span> <span class='ocrx_word' id='word_1_396' title='bbox 1224 4513 1308 4566; x_wconf 89' lang='lat' dir='ltr'><strong>every</strong></span> <span class='ocrx_word' id='word_1_397' title='bbox 1325 4501 1444 4551; x_wconf 89' lang='lat' dir='ltr'><strong>testator</strong></span> 
     </span>
    </p>
   </div>
   <div class='ocr_carea' id='block_1_7' title="bbox 0 0 1658 5152">
    <p class='ocr_par' dir='ltr' id='par_1_9' title="bbox 0 0 1658 5152">
     <span class='ocr_line' id='line_1_42' title="bbox 0 0 1658 5152; baseline 0 0"><span class='ocrx_word' id='word_1_398' title='bbox 0 0 1658 5152; x_wconf 95' lang='lat' dir='ltr'><strong> </strong></span> 
     </span>
    </p>
   </div>
  </div>
 </body>
</html>
